2766 4432
587 227 737 281 ursulus.
1158 231 1198 290 77

128 402 192 445 cem
200 391 234 443 ut
241 382 348 444 dicitur
359 383 524 463 pervenire.
564 383 621 444 Sed
636 383 778 463 quoniam
790 402 838 444 res
849 383 999 445 humanae
1014 384 1133 462 fragiles
1144 402 1194 446 ca-
1214 387 1262 439 102

130 468 281 548 duraeque
296 476 376 542 sunt,
391 488 511 548 semper
526 468 616 548 aliqui
632 468 810 548 anquirendi
825 476 895 529 sunt
907 488 987 548 quos·
998 470 1153 548 diligamus
1166 477 1197 530 at

129 573 146 615 a
161 554 269 633 quibus
284 554 456 632 diligamur:
473 555 682 615 caritatecnim
696 554 961 634 benevolentiaque
974 555 1088 616 sublata
1098 555 1197 616 omnis

130 649 175 700 est
190 659 206 699 e
219 643 278 703 vita
292 641 407 701 sublata
421 639 601 701 iucunditas.
622 639 693 700 Mihi
705 638 825 719 quidem
840 640 950 719 Scipio,
965 642 1135 719 quanquam
1152 648 1198 700 est

130 725 228 787 subito
244 734 376 805 ereptus,
392 724 463 785 vivit
478 733 578 786 tamen
587 725 863 808 semperquevivet:
877 725 1017 786 virtutem
1030 726 1199 787 enimama-

129 810 157 868 vi
173 809 251 872 illins
266 811 331 884 viri,
348 830 424 890 quae
440 811 586 872 exstincta
600 828 662 871 non
678 821 732 871 est.
756 811 816 871 Nec
830 811 903 870 mihi
915 811 970 871 soli
985 819 1119 872 versatur
1129 819 1199 872 ante

131 897 242 967 oculos,
258 896 310 977 qui
324 898 403 958 illam
418 914 538 975 semper
552 897 584 956 in
600 896 737 956 manibus
753 895 858 970 habui3
883 898 935 956 sed
961 896 1049 957 etiam
1070 897 1198 976 posteris

132 982 189 1042 crit
203 984 280 1044 clara
295 990 326 1043 et
340 981 476 1059 insignis.
509 983 603 1042 Nemo
615 999 747 1060 unquam
764 982 864 1043 animo
879 990 932 1042 aut
943 1001 995 1061 spe
1008 982 1117 1043 maiora
1129 1000 1199 1042 sus·

131 1065 229 1147 cipiet,
246 1069 297 1148 qui
312 1066 369 1128 sibi
384 1085 447 1128 non
462 1067 539 1128 illius
555 1067 729 1127 memoriam
745 1075 834 1146 atque
849 1067 1009 1146 imaginem
1024 1085 1199 1146 proponen-

132 1149 200 1212 dam
215 1162 309 1232 putet.
339 1151 486 1231 Equidem
503 1171 539 1212 ex
554 1147 693 1213 omnibus
715 1152 815 1224 rebus,
831 1171 903 1232 quas
919 1151 992 1212 mihi
1013 1160 1063 1213 aut
1078 1154 1200 1232 fortuna
1219 1155 1267 1211 103

132 1246 183 1298 aut
199 1247 303 1300 natura
318 1238 431 1310 tribuit,
448 1237 522 1298 nihil
536 1238 631 1313 habco
647 1237 726 1317 quod
742 1257 811 1299 cum
826 1237 951 1298 amicitia
963 1232 1111 1317 Scipionis
1127 1257 1199 1317 pos-

132 1322 190 1383 sim
207 1342 386 1403 comparare.
420 1324 455 1384 ln
468 1325 525 1384 hac
539 1322 612 1383 milri
627 1323 662 1384 dc
674 1343 707 1384 re
721 1324 836 1403 publica
848 1341 1023 1396 consensus,
1039 1323 1070 1383 in
1082 1324 1137 1385 hac
1148 1342 1200 1383 re·

131 1426 199 1469 rum
214 1409 396 1488 privatarum
411 1408 578 1480 consilinm,
594 1409 626 1469 in
641 1409 743 1469 eadem
763 1408 881 1488 requies
895 1410 980 1487 plena
996 1408 1200 1469 oblectationis

133 1493 198 1554 fuit.
220 1495 380 1573 Nunquam
395 1494 479 1554 illum
495 1511 534 1554 ne
549 1493 674 1555 minima
685 1494 805 1574 quidem
821 1512 854 1555 rc
862 1494 983 1566 ollendi,
993 1495 1073 1572 quod
1080 1492 1202 1574 quidem

133 1580 294 1650 senserim3
311 1580 384 1641 nihil
400 1578 500 1639 audivi
515 1599 551 1639 ex
567 1599 601 1639 eo
617 1579 681 1658 ipsc
697 1579 776 1659 quod
792 1579 918 1639 nollem:
935 1583 994 1640 una
1009 1579 1115 1640 domus
1129 1586 1200 1651 erat,

133 1663 210 1724 idem
227 1666 322 1725 victus
337 1665 423 1744 isque
435 1665 619 1737 communis3
646 1682 743 1744 neque
766 1665 864 1725 solum
891 1664 1005 1734 militia,
1032 1665 1085 1725 sed
1112 1664 1202 1725 etiam

121 1750 388 1827 peregrinationes
404 1749 675 1829 rusticationesque
691 1767 875 1811 communes.
906 1749 980 1810 Nam
1001 1751 1071 1828 quid
1087 1767 1140 1826 ego
1164 1750 1201 1809 de
1219 1751 1268 1808 104

133 1834 238 1894 studiis
255 1835 352 1895 dicam
368 1835 564 1914 cognoscendi
580 1853 699 1916 semper
713 1834 823 1915 aliquid
838 1842 927 1914 atque
936 1834 1077 1906 discendi,
1089 1835 1120 1894 in
1132 1834 1200 1913 qui-

133 1918 190 1979 bus
203 1920 313 1980 remoti
329 1919 365 1980 ab
381 1921 471 1981 oculis
487 1920 589 2000 populi
604 1938 694 1980 omne
707 1920 836 1981 otiosum
848 1928 969 1999 tempus
981 1915 1201 1981 contrivimus?

134 2003 267 2076 Quarum
281 2024 383 2066 rerum
397 2006 563 2066 recordatio
580 2013 609 2065 ct
624 2006 766 2066 memoria
783 2005 808 2065 si
825 2025 883 2066 una
895 2024 964 2065 cum
975 2005 1024 2066 illo
1034 2005 1201 2075 occidisset,
1273 2067 1274 2072 ,

134 2089 314 2151 desiderium
329 2090 565 2151 coniunctissimi
581 2098 671 2170 atque
686 2091 882 2151 amantissimi
896 2089 1034 2151 virilerre
1046 2090 1202 2152 nullomo-

134 2173 171 2232 do
187 2181 317 2254 possem'.
345 2175 401 2235 Sed
418 2193 474 2236 nec
488 2176 535 2236 illa
547 2175 690 2236 exstincta
706 2186 786 2252 sunt,
803 2177 983 2255 alunturque
995 2176 1094 2255 potius
1111 2182 1141 2235 et
1148 2194 1202 2236 au-

133 2267 242 2336 gentur
257 2261 436 2339 cogitatione
452 2268 482 2321 et
497 2262 643 2323 memoria
659 2280 739 2335 mea3
755 2261 822 2322 etsi
835 2262 891 2322 illis
906 2262 992 2340 plane
1015 2260 1137 2324 orbatus
1153 2280 1202 2322 es·

134 2468 205 2518 solbe
218 2468 273 2519 Bild
290 2485 341 2518 von
361 2469 406 2518 der
422 2469 558 2522 chnbahn
576 2469 639 2521 Cato
694 2434 802 2521 sehdnen
827 2469 940 2521 Gesioht.
985 2471 1057 2521 Anah
1080 2472 1135 2521 dies
1159 2472 1204 2536 ist,

134 2533 168 2585 Μ.
181 2535 334 2588 XXlll.·83:
355 2552 400 2587 neo
412 2554 470 2590 vero
482 2538 555 2588 velim
566 2541 643 2604 quasi
694 2555 768 2590 wenn
780 2556 838 2590 man
850 2539 914 2604 will,
927 2537 957 2592 ἓν
969 2536 1016 2590 διὰ
1031 2538 1117 2591 δυοῖν.
1245 2537 1247 2541 ’

134 2603 239 2655 mur-³⁰
260 2608 339 2673 ⁸me
356 2621 373 2654 α
390 2606 455 2658 ⁰⁰¹⁰ss
470 2606 506 2657 ad
523 2621 641 2658 00'037'0‘
728 2629 816 2676 animo
832 2630 880 2675 ant
897 2641 941 2692 spe
959 2629 1088 2693 suscipere
1108 2643 1140 2676 zu
1156 2643 1204 2676 un·
1287 2607 1289 2612 ‘

135 2676 258 2723 revocari.

172 2741 227 2791 102.
245 2757 288 2792 res
300 2745 426 2792 numanae
438 2745 489 2795 wic
501 2745 533 2796 V.
549 2743 578 2795 17
592 2743 642 2793 und

135 2823 221 2859 ornnes
228 2817 274 2860 ‘res
286 2811 302 2876 ξ
314 2811 371 2861 103.

170 2894 282 2945 seraper:
307 2880 362 2930 also
389 2882 460 2930 nicht
479 2880 550 2930 bloss
576 2879 642 2929 bcim

135 2945 565 3077 illidet?nillil-‘⁰⁰
584 2948 645 2997 ⁰⁶⁰?

694 2696 840 2746 ternehmcu
854 2694 916 2744 odcr
926 2703 959 2742 zu
970 2695 1053 2745 hoffen
1066 2710 1163 2759 wagcn.

733 2779 788 2830 103.
808 2781 875 2830 ninii
890 2778 979 2829 audiui
995 2796 1030 2829 cn
1046 2795 1074 2830 co
1091 2785 1147 2848 ipse
1159 2784 1204 2831 ete.

698 2849 773 2899 Sinn:
792 2864 819 2897 so
839 2849 890 2899 wia
906 2849 970 2898 auch
987 2848 1028 2898 ich
1045 2849 1205 2900 meinerseits

698 2917 740 2967 nic
763 2917 804 2966 cin
827 2915 1033 2967 unireundliohcs
1057 2917 1135 2968 Wort
1152 2933 1206 2967 von

699 2986 750 3035 ihm
760 2985 850 3047 gehdrt
859 2984 931 3035 habe.
951 2983 1204 3036 Dchanallclismus

186 3098 234 3132 w
245 3087 437 3135 mmmm
449 3089 485 3135 est
505 3087 560 3135 ,und
574 3085 645 3135 dim
699 3055 745 3104 der
758 3052 863 3104 Glieder
880 3053 1120 3132 unduderGedanka
1139 3054 1206 3104 wird
1293 3081 1295 3086 .

137 3099 278 3201 istqnicht
297 3152 448 3203 erloschen'·
470 3154 517 3203 mit
528 3154 583 3204 dem
595 3154 646 3204 Le·
700 3124 812 3171 zersto‘rt
824 3122 904 3171 durch
920 3136 962 3170 ern
973 3123 1059 3172 henter
1076 3121 1141 3173 ninii
1151 3125 1207 3174 ein-

136 3217 272 3281 benslicht’
286 3221 364 3271 meiat
376 3191 472 3272 milis·
700 3191 871 3254 geschobenes
889 3193 965 3253 enirn,
983 3205 1040 3254 mag
1052 3207 1109 3241 man
1121 3190 1206 3242 dieses

89 3291 93 3296 “
171 3289 198 3335 in
209 3291 328 3338 monibus
340 3291 418 3341 dodoi
427 3291 485 3340 hicn
497 3290 644 3340 nichtbloss
701 3275 751 3308 ¹¹⁰⁰
773 3257 820 3309 aas
837 3257 902 3323 qm
920 3261 1140 3342 ⁸⁹n⁸⁶²f²m’.⁰d⁰r
1161 3275 1208 3323 gar

137 3370 187 3403 von
200 3354 244 3405 der
255 3357 376 3407 nlichstcn
386 3357 464 3418 Nata,
477 3360 586 3409 sondcrn
594 3374 645 3408 von
699 3325 744 3378 ”fif
753 3324 891 3392 Nunquam
903 3327 1004 3389 ‘'ffend‘
1016 3327 1146 3378 hemma

137 3421 182 3472 der
194 3424 390 3475 unmittelbaren
402 3427 558 3490 Beniihrung.
609 3422 611 3426 ’
736 3423 792 3472 104.
817 3421 984 3487 cognoscendi
1005 3423 1050 3472 das
1069 3421 1208 3485 Allgemei·

172 3493 221 3540 erit
232 3492 301 3542 claro
319 3497 344 3543 et
355 3497 467 3559 insignis
486 3503 554 3545 etwa
573 3494 647 3544 ‘wird
700 3507 768 3555 ncnc,
790 3489 904 3540 discendi
914 3491 959 3540 das
972 3491 1140 3554 Specicllcrc:
1161 3509 1208 3541 un-

139 3557 173 3608 im
194 3560 302 3610 hellsten
322 3560 419 3613 Glanzc
435 3563 568 3613 strehlen'.
613 3562 646 3612 So
702 3575 757 3610 sere
771 3556 927 3608 llcnntnissc
945 3559 995 3608 und
1012 3575 1089 3609 unser
1102 3559 1207 3610 Wissen

139 3627 207 3676 steht
228 3628 291 3679 Sall.
314 3631 368 3681 Cat.
385 3631 403 3681 l.
421 3633 438 3680 4
458 3631 545 3682 clarus
565 3635 648 3682 oeter-
701 3644 733 3678 zu
745 3628 903 3679 vermehran.
999 3637 1000 3641 ’

137 3698 647 3762 nosquevonunvergtngliehemdlanze,
734 3695 873 3747 recordatio
907 3699 932 3744 ct
965 3697 1090 3747 mensoria
1127 3697 1208 3760 geben

138 3761 243 3814 Phaedr.
257 3765 296 3816 lll.
316 3767 367 3816 8.3
385 3770 487 3832 insigni
504 3773 528 3818 et
543 3768 648 3834 pulchro
701 3764 775 3814 beide
792 3777 934 3813 zusammen
957 3766 1005 3815 den
1022 3765 1096 3814 einen
1115 3764 1212 3828 Bcgrilf
1303 3776 1311 3789 ‘

138 3830 209 3894 socie
220 3833 327 3896 (lalschc
341 3834 433 3886 Lesart
450 3839 579 3902 insignem
589 3836 648 3902 pnl-
702 3833 748 3883 dar
760 3832 910 3896 lebendigcn
925 3833 1095 3896 Erinnerung.

139 3899 291 3970 chrosam)
302 3919 352 3952 von
362 3903 443 3954 ciuem
453 3906 648 3966 ausgezcichnat
737 3899 790 3950 Sed
800 3916 844 3950 nec
856 3929 872 3937 -
884 3903 921 3952 el:
934 3901 996 3952 XX.
1009 3903 1050 3952 75.
