2766 4432
112 275 115 281 .
136 241 140 250 ·
201 229 243 291 66
657 226 806 281 Laeuus

204 382 257 442 sed
273 381 364 443 etiam
379 383 570 464 verebuntur.
616 383 690 444 Nam
712 383 872 444 maximum
896 390 1107 444 ornamentum
1123 384 1271 445 amicitiae

154 479 187 530 83
204 466 291 538 tollit,
307 467 358 547 qui
372 487 410 528 cx
424 487 457 528 ea
472 468 548 529 tollit
563 469 781 529 verecundiam.
803 468 907 547 Itaque
922 469 952 528 iu
969 468 1006 528 iis
1021 468 1206 546 perniciosus
1221 479 1269 530 θεῖ

204 570 297 624 error,
321 553 371 632 qui
395 553 566 614 existimant
580 552 736 614 libidinum
752 560 1000 632 peccatorumque
1015 554 1148 614 omnium
1165 563 1271 634 patere

203 637 234 697 in
250 637 379 725 amicitia
394 638 551 700 licentiam.
590 638 746 699 *virtutum
763 639 890 699 amicitia
906 638 1035 699 adiutrix
1049 658 1066 700 a
1080 646 1187 699 uatum
1202 639 1269 701 data

204 729 259 794 est,
277 741 339 783 non
353 723 493 784 vitiorum
510 742 619 794 comes,
635 731 670 784 ut
684 724 824 804 quoniam
837 724 966 784 solitaria
982 741 1044 784 nou
1059 732 1159 802 posset
1173 724 1268 786 vittas

202 807 240 868 ad
255 826 289 868 ea
305 827 381 887 quae
396 827 513 870 summa
528 816 600 870 sunt
614 808 780 888 pervenire,
801 809 958 870 coniuncta
974 816 1004 869 et
1019 809 1184 870 consociata
1199 829 1269 871 cum

202 892 292 953 altera
307 895 490 973 perveniret:
507 913 583 974 quae
599 895 624 954 si
640 913 715 974 quos
730 893 810 955 inter
825 894 950 954 societas
964 902 1014 956 aut
1026 901 1072 954 θεῖ
1085 903 1138 956 aut
1150 895 1207 955 fuit
1217 903 1268 957 aut

201 977 302 1038 futura
322 986 381 1050 est,
407 998 511 1040 eorum
532 987 579 1040 est
598 978 757 1041 habendus
777 980 813 1040 ad
835 997 986 1040 summum
1008 986 1132 1041 naturae
1154 980 1267 1040 bouum

151 1072 187 1129 84'
204 1063 337 1143 optimus
351 1064 595 1144 beatissimusque
618 1064 785 1126 comitatus.
830 1064 910 1125 Haec
925 1072 980 1137 est,
994 1064 1127 1143 inquam,
1143 1066 1269 1126 societas

202 1147 234 1208 iu
249 1167 307 1228 qua
323 1149 422 1209 omnia
437 1149 542 1211 insunt
556 1168 631 1229 quae
645 1156 753 1229 putant
773 1149 910 1210 homiues
932 1151 1108 1229 expetenda,
1125 1151 1271 1211 honestas

202 1233 302 1312 gloria,
317 1234 516 1314 tranquillitas
531 1235 623 1296 animi
638 1241 726 1314 atquo
739 1234 923 1296 iucunditas:
938 1245 973 1295 ut
985 1243 1013 1295 et
1025 1253 1118 1314 quum
1130 1237 1203 1297 baec
1214 1236 1268 1297 ad-

202 1319 241 1379 sit
255 1319 341 1380 beata
356 1319 414 1380 vita
429 1319 476 1390 sit.
492 1328 522 1380 et
537 1320 602 1380 siue
617 1320 663 1380 bis
678 1339 745 1380 esse
767 1337 829 1381 non
843 1319 949 1399 possit.
977 1320 1064 1392 Quod
1080 1339 1171 1399 quum
1189 1321 1268 1399 opti-

202 1422 288 1464 mum
300 1404 523 1484 maximumque
534 1407 583 1474 sit,
596 1405 622 1465 si
632 1404 663 1465 id
675 1406 812 1465 volumus
824 1404 944 1484 adipisci
957 1405 1059 1465 virtuti
1069 1423 1158 1483 opera
1171 1405 1271 1466 danda

203 1496 256 1560 θεῖ,
272 1489 337 1550 θίιιθ
353 1509 411 1569 qua
427 1508 484 1550 uec
495 1489 653 1551 amicitiam
665 1508 763 1569 neque
774 1490 862 1550 ullam
875 1508 940 1550 rem
951 1491 1147 1568 expetendam
1159 1507 1267 1551 conse·

201 1575 252 1654 qui
266 1593 443 1653 possumus3
465 1593 498 1635 ea
518 1593 588 1636 vero
604 1575 738 1651 neglecta
754 1575 805 1654 qui
819 1593 852 1635 se
869 1575 977 1635 amicos
993 1574 1102 1636 habere
1117 1574 1267 1636 arbitran-

199 1667 259 1733 tur,
275 1667 341 1720 tum
356 1679 388 1721 se
410 1660 538 1740 denique
558 1679 672 1722 errasse
693 1659 836 1730 sentiunt,
858 1677 951 1738 quum
972 1678 1022 1720 eos
1042 1660 1139 1738 gravis
1161 1661 1272 1740 aliquis

200 1855 297 1899 emetat
314 1849 359 1899 das
378 1849 499 1899 deutsche
517 1845 659 1898 ‘einander'
678 1848 705 1897 iu
758 1845 799 1897 VI.
815 1847 826 1895 1
846 1849 903 1896 aine
914 1847 1012 1912 legebus
1029 1850 1085 1897 cine
1097 1850 1215 1914 imperto,
1234 1848 1270 1897 o·-

201 1917 267 1969 elIeu
286 1917 378 1966 Casus:
402 1920 533 1966 comerent
555 1918 582 1965 in
606 1932 635 1964 se
658 1916 705 1978 (ab
759 1915 845 1964 dmum
858 1914 1061 1979 αῖιιιιθθθῖιιῖιιιη,
1074 1931 1115 1965 wo
1128 1918 1267 1966 chiastiscb

200 1989 239 2037 ter
254 1985 375 2047 alteriue)
403 1987 553 2051 opinionem,
582 1986 648 2035 inter
677 2000 705 2034 ee
758 1982 865 2033 libonem
880 1981 926 2033 auf
937 1987 994 2033 eine
1010 1986 1133 2050 imperio,
1154 1986 1268 2036 solutum

201 2053 276 2118 (alter
299 2053 383 2115 attera
413 2052 524 2102 nondum
553 2054 619 2100 satie
642 2054 704 2113 noti,

201 2120 327 2189 compleat
346 2121 463 2170 deterso
484 2120 561 2184 (alter
577 2120 703 2182 alterum),

199 2193 268 2240 inter
276 2188 387 2251 eetaiter
395 2190 426 2238 ab
436 2188 704 2251 attero)dieeeeserent.

233 2258 274 2309 83.
293 2260 378 2323 pacm
400 2257 531 2308 ocentiam
554 2257 628 2306 steht.
646 2271 706 2307 vec·

198 2328 269 2389 ιιιὸςθ
282 2325 352 2375 einer
363 2325 491 2388 gewisseu
500 2325 574 2376 Fiille
585 2325 630 2374 des
640 2325 706 2375 Aus-

199 2393 293 2444 drucks
309 2391 351 2442 mr
369 2394 414 2443 das
432 2392 548 2444 einfacbe
560 2392 620 2445 deri
630 2393 704 2455 (uie.)

199 2464 261 2512 oder
282 2477 336 2511 ceso
358 2459 439 2522 (Sall.)
461 2462 595 2512 licentem.
630 2461 706 2513 Etwu

199 2531 277 2581 ‘Thiir
289 2531 339 2578 uud
349 2529 417 2580 Thoe
429 2530 540 2593 gedffuet
552 2530 604 2580 seI'.

231 2613 261 2649 ea
284 2613 349 2664 quoe
368 2614 471 2649 summa
489 2602 555 2648 emt,
569 2598 610 2649 die
626 2598 705 2648 hoch-

199 2675 255 2718 steu
268 2665 368 2718 ‘Ziele'.

235 2738 260 2786 ee·
285 2749 347 2799 quoe
378 2738 445 2785 inter
466 2734 627 2799 Anammphe
660 2733 705 2784 dec

200 2804 283 2870 Pr'dp„
307 2804 349 2852 die
370 2804 544 2865 keiaesweges
569 2817 617 2851 nur
641 2803 706 2852 nach

199 2871 328 2924 Relativis
338 2872 408 2924 Statt
418 2870 504 2922 findet.

233 2956 328 2991 eorum
364 2940 424 2991 Idan
441 2939 512 2989 hiitte
528 2944 652 2989 oewartet
667 2938 705 2988 ie:

201 3024 230 3059 so
242 3025 310 3058 musa
324 3024 380 3058 men
396 3006 466 3058 ‘dies'
487 3004 528 3057 fiir
544 3006 585 3056 dic
602 2991 636 3057 4-
655 3004 706 3056 Ge·

200 3074 414 3127 seIlschaitsreIse
432 3077 587 3139 (cometatue)
609 3074 706 3124 baltea.

200 3145 271 3195 Abee
283 3145 369 3195 dieser
381 3144 443 3195 sinn
456 3143 555 3207 ergiebt
566 3142 621 3193 sich
633 3142 705 3204 doch,

201 3213 284 3263 iudom
295 3216 431 3264 comitatus
443 3227 475 3260 zu
486 3225 575 3261 eorem
590 3211 629 3261 als
638 3210 705 3262 Sub-

195 3283 253 3346 joct
275 3279 482 3331 hinzuzudenken
512 3279 559 3330 ist:
593 3280 643 3342 θὶς.
675 3294 705 3329 so

199 3365 267 3401 musa
279 3365 335 3400 meu
349 3343 490 3414 ‘diejenige'
506 3347 599 3398 dieser.

235 3419 275 3470 84.
289 3420 407 3468 honestae
416 3416 513 3482 glorta,
530 3415 706 3481 tranquillitas

199 3489 284 3538 enimi
293 3491 369 3551 etque
381 3483 537 3537 coeundum:
551 3486 637 3535 wedec
649 3483 705 3534 vier

759 2051 944 2114 (ungebuudent
963 2050 1009 2101 aui
1017 2055 1073 2102 eine
1090 2052 1189 2118 legebus
1199 2054 1272 2116 geht.

758 2119 823 2168 Desa
844 2118 965 2183 iibrigeus
989 2122 1165 2186 tranquillitos
1185 2124 1269 2172 enimi

758 2191 783 2236 θῖ
792 2186 938 2237 iuceodztes
949 2185 993 2238 fiir
1004 2189 1174 2253 tranquillitas
1185 2192 1269 2241 amini

758 2259 783 2304 et
806 2251 908 2305 ‘animi'
935 2256 1083 2306 iucunditas
1105 2273 1137 2309 zu
1161 2258 1268 2307 uebmeu

759 2323 796 2373 ist
806 2323 871 2372 wird
883 2324 962 2375 leicbt
975 2325 1091 2376 eikaunt.

792 2406 836 2440 nec
852 2394 998 2458 amic-itiam
1019 2396 1096 2458 nepote
1113 2392 1194 2444 ullam
1209 2407 1269 2443 rem

759 2461 822 2510 auch
846 2460 917 2510 nicht
935 2461 976 2510 die
995 2459 1178 2512 Freuudscbaft
1200 2462 1266 2511 noch

758 2527 921 2594 (uberhaupt)
941 2530 1030 2591 irgeud
1048 2529 1088 2580 eiu
1107 2526 1167 2579 Get.
1202 2529 1270 2580 Ceto

758 2594 792 2647 M.
809 2594 864 2646 XII.
882 2597 915 2649 41
928 2594 979 2648 Nec
990 2600 1058 2648 enim
1070 2596 1173 2648 bbidioe
1184 2595 1266 2647 ᾱθιηῖ·

758 2668 834 2715 nante
845 2667 1030 2732 teutpereotiae
1046 2665 1127 2716 locum
1144 2682 1206 2728 ecee,
1222 2682 1266 2716 oe·

758 2748 805 2797 que
816 2735 917 2783 omnino
934 2735 963 2782 to
974 2733 1110 2800 voluptates
1121 2749 1201 2801 uegeto
1212 2737 1269 2784 aab·¹

758 2804 841 2850 tutem
851 2816 926 2867 posce
936 2803 1082 2852 consistere.
1110 2802 1210 2866 chen
1223 2803 1267 2852 dea·

758 2867 814 2919 XII.
827 2870 860 2919 40
873 2871 1051 2933 eugegebeuen
1062 2870 1210 2934 Bedeutuug
1221 2870 1266 2920 des

759 2952 804 2986 nec
821 2936 889 2986 kanu
902 2954 929 2988 es
941 2939 967 2988 iu
980 2938 1024 2990 der
1036 2938 1196 3003 Disjunction
1210 2939 1265 2988 uie-

758 3006 822 3055 meIs
839 3005 920 3056 ciuem
938 3008 1200 3072 correspondireudeu
1220 3021 1265 3054 ne-

758 3089 806 3138 que
822 3075 990 3136 voraugebeu.
1025 3075 1082 3127 Von
1100 3074 1154 3125 dem
1172 3071 1264 3126 XVIII.

759 3143 791 3192 65
814 3140 1004 3207 besprocbeoen
1023 3159 1055 3193 ne
1068 3141 1202 3208 -quidem
1219 3158 1265 3192 uu-

759 3210 916 3261 terscbeidct
939 3212 997 3261 sich
1022 3226 1067 3260 uec
1094 3210 1168 3260 ‘auch
1186 3209 1269 3260 nicht⁷

758 3293 806 3328 nur
822 3278 946 3341 deduscit,
963 3281 1022 3328 dass
1040 3294 1067 3328 es
1080 3279 1193 3342 weniger
1211 3294 1269 3328 um-

758 3346 886 3464 plt'dudlicb
908 3346 959 3396 uad
977 3347 1090 3408 weuiger
1108 3347 1264 3397 uacbdriick-

771 3413 863 3464 'chiac

792 3486 848 3532 tum
867 3499 894 3533 ee
912 3482 1023 3548 άθθῖᾳιιθ.
1060 3483 1111 3534 Das
1132 3482 1207 3533 Pron.
1228 3481 1267 3531 ist

200 3555 307 3606 Gliedec
328 3557 392 3604 uooh
416 3554 479 3614 daei,
507 3552 616 3603 sondern
640 3551 705 3602 zwei
758 3551 843 3600 toules
872 3551 1000 3601 zwiscbeu
1029 3552 1074 3602 das
1103 3551 1265 3602 Zusummen·

200 3638 251 3674 voa
267 3624 347 3674 denen
365 3624 409 3672 des
426 3629 494 3672 θιεῖθ
516 3620 641 3672 auszwei
659 3636 706 3670 un·
759 3619 878 3682 gebo'rigo
905 3620 1098 3681 eingescboben.
1142 3621 1206 3670 Ceto
1229 3617 1263 3668 M.

199 3689 609 3743 verbundeuenfldlbenbestebt.
627 3688 705 3739 IIieee
759 3684 853 3737 XXIII.
883 3686 916 3736 85
945 3703 1004 3738 ooo
1032 3703 1073 3739 me
1101 3688 1265 3747 deserens,
1348 3720 1351 3738 .

198 3759 249 3809 Αιῖ
261 3760 307 3810 der
320 3757 477 3819 Gliederuug
488 3757 561 3819 eiad,
579 3757 641 3807 eben
653 3771 706 3806 we·
758 3769 782 3819 p.
801 3754 872 3805 Sulla
889 3753 957 3806 XIII.
976 3757 1009 3806 39
1026 3759 1038 3806 i
1044 3756 1114 3807 IIud
1122 3758 1188 3806 midi
1198 3759 1265 3804 tan-

200 3844 249 3892 geo
261 3829 305 3878 des
325 3827 399 3876 einen
410 3826 569 3892 Asyndeton,
586 3840 625 3874 am
643 3825 705 3874 bdu-
759 3826 826 3872 tum
842 3826 908 3874 eatis
922 3828 968 3889 eet,
980 3825 1044 3890 Nep.
1056 3825 1132 3889 Ages.
1147 3823 1216 3876 VI.2
1233 3838 1269 3870 ee

200 3897 290 3961 figoteu
311 3893 448 3945 verkanut:
470 3910 492 3944 z.
513 3893 541 3944 II.
565 3893 629 3944 Sell.
650 3893 706 3944 Cat.
758 3887 787 3940 id
813 3907 937 3958 quoque
956 3893 1017 3960 fieri
1033 3892 1124 3944 dedero
1146 3888 1267 3942 antenod-
