2766 4432
224 218 266 285 54
682 217 831 272 nussim.

221 389 280 450 qna
294 371 414 432 fortuna
426 371 567 433 acciderit
582 379 614 432 ut
625 370 726 434 minus
739 371 835 433 iustae
849 372 1193 433 amicorum‘voluntates
1208 372 1294 433 adiu-

143 526 147 537 ,
223 457 336 517 vandae
350 457 418 529 sint,
435 456 467 517 in
484 457 593 537 quihus
610 476 715 519 eorum
731 463 782 517 aut
797 465 887 536 caput
901 465 1004 536 agatur
1019 465 1069 518 aut
1083 461 1172 529 lama,
1199 457 1291 519 decli-

126 536 165 581 “i
224 541 355 601 nandum
368 541 531 613 deviaret,
547 543 637 604 modo
650 559 687 602 ne
694 561 811 603 summa
823 543 978 621 turpitudo
987 550 1127 622 sequatur
1136 562 1144 615 3
1154 551 1200 603 est
1212 542 1293 604 enim

224 633 371 704 qnatenus
386 627 532 689 amicitiae
547 628 610 689 dari
624 627 710 688 venia
721 627 824 706 possit.
840 627 901 688 Nec
911 646 981 688 sero
994 627 1167 706 negligenda
1184 636 1228 688 est
1243 627 1289 688 la-

223 729 280 782 ma,
293 727 350 772 neo
361 712 510 773 mediocre
521 712 613 773 telum
625 713 663 772 ad
673 731 723 773 res
733 712 879 790 gerendas
887 712 1056 774 existimare
1066 720 1185 791 oportet
1197 713 1292 774 bene-

223 795 382 857 volentiam
398 797 522 859 civium:
540 816 629 877 quam
645 797 796 859 blanditiis
812 805 843 858 ei
857 799 1036 859 assentando
1052 798 1189 876 colligere
1203 805 1292 876 turpe

169 875 204 969 ⁶².
224 888 280 952 est,
296 881 389 943 virtus
405 901 495 962 quam
511 883 646 962 sequitur
661 883 768 944 caritas
784 882 908 943 minime
934 882 1115 962 repudianda
1141 890 1195 943 est.
1231 883 1291 945 Sed

202 988 205 1048 ζ
222 985 360 1045 saepem-
368 969 535 1030 namredeo
544 968 581 1028 ad
588 967 771 1047 Scipionem,
783 968 974 1030 cuiusomnis
982 986 1082 1029 sermo
1090 976 1154 1029 erat
1166 968 1202 1028 de
1214 967 1291 1029 arni·

222 1051 288 1112 eitia
302 1087 343 1095 -
358 1053 538 1132 querebatur
550 1053 629 1133 quod
641 1053 783 1115 omuibus
795 1053 826 1114 in
838 1053 930 1115 rebus
940 1053 1077 1114 homines
1089 1052 1291 1130 diligentiores

223 1144 338 1197 essent:
354 1156 456 1216 capras
472 1146 501 1198 et
515 1157 585 1199 oves
601 1147 675 1218 quot
686 1139 812 1218 quisque
823 1138 946 1199 haberet
958 1138 1057 1200 dicere
1067 1156 1164 1217 posse,
1179 1138 1290 1200 amicos
1331 1149 1337 1155 '

222 1229 296 1300 quot
311 1222 433 1284 haberet
448 1240 509 1283 non
525 1242 612 1302 posse
628 1223 740 1295 dicere3
757 1232 787 1284 et
801 1223 832 1284 in
847 1223 904 1284 illis
917 1224 1040 1301 quidem
1049 1223 1189 1302 parandis
1205 1223 1289 1285 adhi-
1323 1296 1325 1298 .

222 1306 294 1368 bere
303 1325 414 1374 curam.
426 1309 457 1368 in
465 1309 567 1370 amicis
580 1308 722 1387 eligendis
734 1309 918 1388 negligentes
925 1327 1002 1378 esse,
1014 1327 1070 1370 nec
1082 1309 1191 1369 habere
1203 1308 1289 1387 qnasi

223 1391 305 1468 signa
321 1393 465 1470 quaedam
482 1401 510 1454 et
527 1402 624 1467 notas,
640 1393 748 1473 quibus
762 1413 814 1456 ens
829 1394 881 1473 qui
896 1395 932 1455 ad
948 1393 1093 1455 amicitias
1106 1401 1208 1455 essent
1222 1393 1290 1454 ido·

223 1477 273 1537 nei
281 1476 456 1538 iudicarent.
470 1478 547 1540 Sunt
555 1479 644 1558 igitur
656 1478 733 1540 firmi
745 1485 775 1540 et
784 1479 903 1540 stabiles
916 1485 946 1540 et
958 1486 1127 1540 constantes
1139 1478 1289 1558 diligendi,

223 1562 307 1622 cuius
318 1563 436 1640 generis
449 1571 494 1624 est
506 1582 612 1641 magna
624 1563 763 1643 penuria:
775 1571 805 1625 et
815 1564 948 1626 indicere
960 1564 1078 1626 difficile
1091 1572 1136 1624 est
1147 1582 1219 1626 sane
1232 1563 1290 1625 nisi

223 1655 388 1725 expertum,
404 1648 619 1727 experiendum
630 1656 728 1713 autem
742 1657 788 1710 est
798 1649 830 1709 in
842 1649 1057 1728 ipsaamicitia3
1073 1649 1112 1709 ita
1124 1648 1289 1728 praecurrit
1376 1647 1382 1658 '

170 1737 203 1788 63
224 1731 351 1793 amicitia
369 1733 522 1809 iudicium,
545 1735 680 1814 tollitque
697 1733 868 1813 experiendi
881 1741 967 1814 potes
984 1742 1086 1794 tatem.
1125 1732 1179 1794 Est
1197 1733 1287 1812 igitur

223 1818 379 1896 prudentis
404 1819 555 1880 sustinere
585 1828 618 1880 ut
646 1837 777 1893 currum,
808 1819 851 1881 sic
876 1819 1023 1898 impetum
1048 1818 1287 1880 benevolentiae:

223 1926 728 1981 beedenNorsens:SobalddieFreunde
782 1928 887 1992 Tugend
909 1943 938 1977 re
961 1930 1146 1995 ipsaeonterda
1169 1929 1212 1989 ist,
1236 1929 1287 1978 und

222 1994 322 2046 stttlieh
331 1996 501 2047 vollkommen
511 1998 576 2062 sind,
589 2013 658 2048 muss
670 1999 728 2047 eine
782 1997 887 2047 niemals
900 2012 931 2045 zu
944 1997 1026 2045 einum
1036 1996 1123 2047 Mittel
1135 1998 1180 2047 der
1189 1995 1288 2046 Gunst·

222 2063 354 2125 giinzliclre
378 2061 567 2116 Gemeinselialt
588 2066 658 2116 stett
682 2067 729 2115 llu-
783 2064 1171 2128 erwerbnngherabgewiirdigt
1183 2065 1287 2115 werden

222 2131 279 2194 dee,
301 2147 329 2182 so
342 2132 401 2182 dass
414 2132 496 2183 solbet
509 2135 581 2184 nieht
592 2149 656 2197 ganz
668 2133 729 2184 sitt-
782 2132 852 2195 durl3
876 2133 926 2182 und
947 2132 1007 2182 weil
1019 2133 1187 2196 indemens,
1211 2147 1285 2182 wenn

223 2199 290 2249 liche
303 2199 433 2251 Wiinsehe
446 2199 491 2251 auf
501 2201 557 2252 eine
578 2202 647 2251 nieht
664 2217 729 2266 ganz
782 2217 838 2252 men
852 2200 893 2250 die
902 2199 1134 2263 (unbeubsichtigte
1146 2202 1197 2251 und
1206 2215 1287 2264 uege-

222 2266 338 2318 sittliehe
351 2267 442 2318 Weiss
454 2271 612 2321 unterstiitzt
624 2271 728 2320 werden
782 2269 880 2330 snehte)
906 2268 1141 2331 Gnesterwerbnng
1153 2269 1233 2318 durch
1244 2269 1286 2319 die

222 2334 332 2386 miissen.
781 2336 888 2400 Tugend
910 2335 1054 2387 verwerleu
1079 2337 1176 2399 nolite,
1200 2336 1287 2386 iader

256 2419 306 2469 qua
322 2406 436 2472 sor-luno
457 2406 509 2456 wie
533 2404 590 2456 XII.
614 2405 647 2455 42
665 2421 727 2456 eam
782 2405 849 2456 Thnt
864 2405 907 2454 die
919 2405 1025 2468 Tugend
1042 2404 1123 2454 selbst
1140 2402 1285 2455 verworlen

222 2470 317 2536 aliquo.
780 2474 884 2523 werden
897 2475 1001 2524 mdeste.

256 2541 394 2605 inquibus.
429 2541 479 2591 Ein
497 2541 728 2592 seleherWunscli
813 2543 888 2606 sequi
904 2540 955 2591 wie
968 2541 1030 2592 Sall.
1044 2537 1175 2592 emnlv.
1189 2540 1218 2589 5:
1246 2541 1285 2590 iia

221 2622 277 2658 wer
289 2623 325 2669 es,
350 2610 398 2660 don
410 2609 500 2661 Cicero
513 2609 591 2659 durch
606 2610 649 2662 die
662 2611 727 2664 Ver·
780 2623 828 2675 quo
838 2611 926 2659 micus
967 2610 1031 2659 ledat
1039 2607 1155 2673 gloriam
1178 2608 1280 2672 (warh),

220 2675 652 2742 theidigengdesMi10‚vie11eient
663 2680 728 2730 auch
780 2692 809 2728 eo
819 2679 910 2743 magis
921 2680 932 2726 i
943 2677 997 2726 inm
1008 2678 1156 2742 sequebatur
1167 2677 1222 2739 (flet
1233 2677 1285 2740 zu).

221 2745 267 2794 des
280 2744 362 2806 Sulla,
374 2747 556 2796 unterstiitzte.
814 2745 856 2796 62.
874 2747 948 2795 cuius
959 2748 1043 2795 mnia
1058 2761 1144 2795 senno
1168 2745 1190 2794 d.
1203 2744 1228 2794 h.
1241 2743 1288 2794 der

256 2816 331 2879 capot
354 2811 414 2864 Sein
427 2813 644 2878 oderNiclitsein,
667 2814 728 2864 biir-
779 2812 822 2863 lsei
848 2813 923 2876 jeder
953 2810 1119 2876 Gelegenheit
1148 2813 1212 2863 iiber
1241 2813 1284 2863 die

221 2881 481 2945 gerliclrellxistenz.
779 2879 966 2932 Freundsohait
982 2881 1081 2946 speech.
1112 2880 1169 2943 Vgl.
1191 2883 1286 2948 saepes

254 2949 528 3001 modone-durdarl
538 2949 614 3000 nieht.
780 2950 890 3001 semoX.
916 2949 947 2999 33
972 2949 1024 2998 und
1045 2952 1075 2999 in
1090 2952 1286 2999 munirermone

255 3021 294 3066 eet
316 3022 440 3084 quotenus
465 3019 512 3069 ‘bis
536 3036 568 3068 zu
584 3018 667 3069 einen
684 3032 727 3081 ge·

222 3084 318 3135 wimeri
331 3084 437 3137 Punete'
456 3086 522 3136 kann
534 3085 672 3137 Nechsieht
683 3101 729 3149 ge-

222 3153 306 3203 wdhrt
314 3153 726 3219 medegiselusvendicante.

256 3219 458 3273 Neovero-nec:
482 3221 545 3274 Wie
566 3223 627 3273 uber
643 3222 728 3272 einer-

222 3288 294 3338 seits·
303 3305 340 3339 vso
354 3292 523 3341 andrerseits.

257 3356 338 3407 telum
350 3356 443 3421 welle,
464 3374 508 3410 res
517 3357 649 3424 gerendae
660 3356 727 3408 Tha·

222 3432 277 3475 ton:
296 3426 383 3476 beides
396 3426 512 3477 lrildlielr.

256 3495 338 3543 sirim
366 3494 586 3558 gegeusdtzliclres
611 3492 728 3560 Asynde·

221 3567 274 3611 ton.
288 3561 426 3613 Wesslrullr
435 3562 497 3613 aber
506 3565 590 3613 oinos
601 3576 678 3628 quom
689 3577 729 3612 ee-

221 3630 312 3693 quitm·
323 3632 422 3680 coritas
433 3634 478 3695 etc,
491 3632 612 3682 wibrend
624 3630 671 3680 der
680 3629 731 3681 Ge·

222 3703 327 3758 geusatz
351 3704 432 3750 etwas
445 3698 561 3750 dederes
573 3715 605 3748 zu
625 3697 730 3748 verlan-

221 3779 271 3827 gen
283 3765 395 3815 scheiot:
420 3773 488 3816 etwa
506 3769 600 3818 mrim
611 3764 730 3831 colligere

219 3834 358 3884 ourdatem
368 3835 474 3884 minime
483 3839 566 3902 inape,
579 3835 640 3884 oder
649 3836 735 3896 etiem,

222 3899 349 3965 hudabde
360 3905 414 3952 erit
447 3901 520 3953 Wcil
532 3903 670 3954 einer-scits
682 3902 728 3953 die

779 3016 798 3068 1.
814 3020 837 3070 1.
878 3004 1080 3068 marrenses:
1100 3016 1117 3067 1.
1132 3018 1155 3067 4.
1176 3016 1207 3066 ro
1226 3031 1283 3066 vom

781 3085 912 3136 Socrates:
941 3087 1025 3136 merse
1039 3088 1097 3136 eius
1117 3087 1199 3136 oratio
1221 3084 1286 3146 (elle
1317 3121 1319 3124 ι

782 3153 852 3204 scine
862 3153 1001 3217 Vortr'igc)
1014 3156 1040 3203 in
1052 3157 1146 3205 erdere
1155 3151 1287 3203 laudanda

780 3223 985 3272 consumebatur.

813 3288 1083 3356 qoeeedeieruoledai
1092 3291 1174 3354 queri.
1194 3289 1286 3340 Dieser

781 3357 928 3422 Erkliruug
934 3358 1005 3421 steht
1015 3356 1086 3409 nicht
1094 3365 1218 3421 entgegeu
1227 3358 1287 3407 dass

780 3439 856 3492 saepe
864 3428 1012 3490 voruogelrt.
1030 3423 1093 3476 Cato
1101 3425 1135 3476 Μ.
1146 3424 1174 3475 11.
1185 3427 1212 3481 d:
1226 3423 1288 3475 Sae—

779 3509 916 3563 penumero
927 3493 1059 3545 admirari
1067 3493 1138 3543 soleo.

815 3565 954 3630 expertum
965 3563 1000 3612 ist
1011 3562 1058 3611 der
1069 3560 1129 3612 Ace.
1142 3560 1186 3611 des
1199 3559 1288 3624 llere,
1374 3583 1375 3586 ¹

783 3632 834 3682 und
847 3647 867 3681 s.
882 3646 907 3680 v.
920 3645 944 3679 a.
958 3634 1082 3696 eepertee
1093 3631 1138 3678 sie.

817 3698 859 3748 63.
871 3700 999 3748 meditere
1009 3695 1149 3760 sullanae,
1160 3697 1287 3748 hennon:

783 3765 844 3817 ebor
861 3765 934 3816 nieht
955 3780 1064 3817 comm
1087 3766 1137 3815 und
1161 3767 1288 3833 impetum

783 3834 840 3885 sind
871 3834 994 3885 einander
1026 3832 1286 3898 goscelinus-gestent,

781 3903 891 3954 sondern
904 3916 1017 3953 corruam⁸
1035 3902 1086 3951 und
1109 3903 1233 3957 imoeiom
1245 3901 1287 3951 de-
1371 3945 1374 3948 .
