2766 4432
25 2306 29 2311 ’
129 2292 200 2342 Scite
218 2291 287 2341 steht
302 2294 460 2342 culmorum
477 2295 525 2340 aot
539 2291 639 2343 rtudr‘o-
692 2291 786 2341 sitien:
809 2292 873 2340 ohne
890 2291 944 2340 sein
963 2292 1136 2356 perstinliches

600 175 749 261 munros
1163 207 1204 269 63

134 366 173 426 sit
188 382 245 427 nec
260 365 323 425 lieri
339 364 433 444 possit
446 371 480 423 ut
495 381 559 424 non
573 363 674 425 atatim
690 362 824 425 alienatio
835 361 1057 441 disiunctioque
1068 361 1202 423 facienda

133 451 180 510 sit.
212 450 265 511 Sin
280 458 379 510 autem
396 458 447 511 aut
461 467 581 510 morum
597 460 647 511 aut
661 449 829 510 studiorum
845 447 1040 509 commutatio
1056 447 1202 526 quaedam
1221 465 1255 514 tr

131 571 174 580 —
189 544 223 597 ut
237 535 302 596 fieri
317 535 393 595 solet
407 567 449 577 -
463 533 541 596 facta
553 534 619 607 crit,
635 542 686 595 aut
697 534 728 595 in
741 533 785 595 rei
797 532 929 612 publicae
940 532 1074 611 partibus
1083 532 1200 592 dissen-

132 621 176 681 sio
192 620 409 681 intercesserit:
424 620 532 698 loquor
544 618 624 680 enim
638 619 707 690 iam,
723 627 757 678 ut
768 618 865 698 paullo
877 650 881 662 ι
892 626 963 678 ante
977 617 1048 687 dixi,
1074 636 1136 679 non
1163 617 1200 678 de

130 705 308 784 sapientium
324 705 376 766 sed
391 705 429 764 dc
444 704 654 766 communibus
669 703 820 765 amicitiis:
835 703 1000 765 cavendum
1016 702 1072 764 erit
1087 720 1127 763 nc
1137 719 1201 763 non

132 791 229 851 solum
245 790 390 852 amicitiae
400 789 560 869 depositae,
577 789 726 851 sedetiam
735 788 1067 866 inimicitiaesusceptae
1077 788 1200 850 videan-

131 883 189 937 tur.
227 875 306 937 hihil
331 876 412 936 enim
438 875 553 953 turpius
576 893 665 954 quam
682 893 749 935 cum
766 893 801 935 oo
816 874 927 935 bellum
941 891 1054 952 gerere,
1070 892 1200 952 quocum

130 959 305 1021 familariter
318 959 433 1021 rixeris.
458 960 504 1021 Ab
519 960 647 1022 amicitia
663 960 698 1033 Q·
720 959 854 1038 Pompeii
874 977 943 1020 meo
963 958 1088 1019 nomine
1105 977 1137 1019 se
1150 976 1200 1020 re·

131 1055 275 1119 moverat,
302 1053 335 1107 ut
350 1045 441 1117 scitis,
467 1045 581 1124 Scipio3
607 1053 731 1124 propter
750 1044 967 1105 dissensionem
986 1051 1098 1115 autem,
1125 1060 1200 1121 uuae

132 1138 194 1192 crat
209 1131 240 1191 in
255 1149 288 1191 re
304 1129 430 1209 publica,
446 1131 591 1192 alienatus
607 1138 653 1191 est
667 1149 684 1191 a
699 1129 809 1207 collega
821 1128 1066 1191 nostroMetello:
1079 1135 1201 1187 utrum-

133 1235 192 1294 que
208 1215 267 1294 egit
281 1215 418 1294 graviter,
455 1216 632 1279 auctoritate
653 1225 682 1277 et
702 1214 868 1276 offensione
887 1213 980 1275 animi
1001 1230 1063 1275 non
1083 1211 1200 1274 acerba.

132 1301 229 1373 Quam
242 1300 355 1362 obrem
367 1301 498 1380 primum
515 1301 611 1363 danda
617 1320 707 1380 opera
720 1307 775 1372 est,
791 1317 830 1360 ne
842 1319 900 1378 qua
907 1299 1071 1361 amicorum
1079 1296 1203 1359 discidia
1222 1317 1257 1366 ts

132 1386 224 1458 tiaut;
249 1385 297 1446 sin
323 1385 383 1446 tale
407 1386 516 1466 aliquid
542 1387 687 1459 evenerit,
712 1393 746 1446 ut
766 1385 931 1447 exstinctae
944 1384 1044 1463 potius
1059 1382 1204 1444 amicitiae

133 1489 225 1547 quam
241 1489 399 1549 oppressae
415 1490 482 1532 esse
504 1471 669 1534 videantur.
702 1471 873 1533 Cavendum
900 1489 971 1531 vero
995 1487 1034 1529 ne
1059 1468 1150 1529 etiam
1175 1469 1208 1529 in
1229 1489 1232 1494 ’

131 1573 237 1632 graves
252 1556 423 1619 inimicitias
439 1564 614 1618 convertant
629 1576 661 1619 sc
676 1555 838 1617 amicitiae:
855 1575 892 1617 eu
907 1553 1016 1634 quihus
1030 1553 1125 1631 iurgia
1141 1572 1207 1615 ma-

129 1641 240 1719 ledicta
255 1641 452 1707 contumeliae
466 1641 640 1720 gignuntur.
668 1642 752 1714 Quae
761 1647 876 1712 tamen,
889 1640 914 1701 si
925 1638 1095 1701 tolerabiles
1107 1646 1207 1711 erunt,

130 1882 181 1933 Das
199 1897 243 1931 nec
265 1881 338 1932 stellt
359 1882 406 1932 mit
422 1883 576 1935 Nnchdruclr
598 1885 640 1948 (zu
731 1881 839 1935 Metello.
857 1881 1202 1947 Q.Ciiciliushletcllushla-

130 1948 183 2000 vn.
197 1949 240 2012 40)
257 1949 312 1999 dem
331 1949 475 2001 Besondern
493 1952 537 2002 das
550 1952 639 2016 Alige-
694 1951 1044 2002 cedocicuswardeshlilius
1054 1953 1104 2000 und
1114 1951 1202 2018 Scipio

131 2019 213 2071 meino
229 2018 374 2082 gegenhher
386 2021 428 2079 (zu
441 2017 494 2070 Nec
506 2050 529 2057 —
541 2023 567 2070 et
577 2018 639 2071 XX.
692 2021 876 2084 Amtsgcnossc
889 2018 923 2068 im
935 2020 1076 2083 Augurate.

132 2087 188 2148 75):
215 2086 280 2135 noch
300 2085 441 2153 iiberhaupt
463 2103 513 2136 nur
528 2088 640 2152 mliglic'h
727 2090 880 2136 auctoretate
903 2090 928 2137 et
956 2089 1096 2154 ofsensione
1118 2091 1204 2138 aniana·

130 2155 208 2216 ware,
221 2154 292 2203 nicht
305 2185 326 2192 -
341 2154 469 2206 cinti-eren
482 2156 618 2206 zulassen.
692 2170 746 2205 con
768 2156 858 2205 acerba
881 2156 950 2205 steht
974 2172 1006 2205 zu
1027 2157 1143 2220 graviter
1166 2156 1201 2207 int

166 2224 206 2272 77.
226 2226 272 2272 aut
282 2225 335 2286 aut,
348 2227 401 2272 aut.
437 2222 545 2273 Auster
564 2223 638 2274 einen
692 2222 869 2275 Vcrhdltnissc
878 2222 925 2274 der
937 2221 1104 2274 erkliirenden
1114 2227 1203 2343 Appo-

1173 2307 1200 2342 e.

129 2375 190 2410 rum
207 2361 384 2421 conmutatio,
412 2357 517 2410 uuidar
541 2360 638 2411 andern
691 2359 770 2409 wicht
793 2359 843 2408 und
862 2359 933 2409 scine
950 2358 1141 2423 Verstirnmnng
1157 2358 1207 2410 auf

129 2431 177 2477 aut
192 2429 219 2476 in
229 2426 273 2476 ‘rei
285 2426 400 2493 publicae
409 2430 528 2495 partibus
540 2427 637 2479 diesen-
691 2428 748 2477 ciue
757 2425 1043 2479 herbeWeiseliihlhnr
1052 2429 1199 2478 zumachen.

129 2498 179 2545 εἰσι
202 2495 317 2544 dassclhc
336 2495 509 2560 Verhiiltniss‚
527 2497 577 2547 wie
596 2497 637 2547 hei
726 2495 767 2545 78.
795 2497 914 2563 primum
935 2512 983 2545 vor
1006 2497 1076 2547 allen
1093 2496 1200 2562 Diogen,

132 2580 163 2612 ne
180 2578 212 2612 ue
224 2577 309 2626 neque,
323 2578 374 2612 nec.
690 2579 731 2613 wo
744 2563 861 2626 mdglich,
874 2561 993 2631 μάλιστα
1004 2566 1063 2632 μέν.

165 2578 291 2696 Ξιροείἰαε
302 2626 391 2692 (fallen
403 2628 499 2692 lassent
516 2632 565 2681 und
577 2648 636 2682 cue-
725 2634 778 2682 rin:
792 2631 825 2697 X.
840 2632 881 2680 34.

131 2714 145 2748 c
185 2713 216 2747 ae
233 2695 399 2761 lanfnehrneu)
412 2699 505 2750 hcruht
522 2699 637 2751 anfder-
728 2702 938 2767 aestinatae-op
956 2714 1111 2750 ressaeccre
1136 2698 1199 2751 Cato

132 2764 404 2832 selhenhnschauung,
417 2768 643 2836 wieauchlgerere
694 2766 810 2818 Μ.Χ1Χ.
826 2768 870 2818 71:
884 2766 932 2816 ado
969 2769 1127 2818 centesmihi
1135 2770 1205 2818 mord

130 2835 287 2897 thamnitica,
298 2838 553 2899 germanianam.
694 2837 732 2885 sic
743 2835 868 2899 videntur,
885 2840 915 2885 ut
926 2851 1004 2901 quum
1019 2851 1102 2901 aquae
1112 2837 1202 2887 multi-

164 2901 255 2952 hellum
286 2918 377 2968 gerere
411 2902 457 2955 aul
488 2900 639 2968 liriegsfuss
693 2902 780 2954 tudine
809 2904 933 2969 flammeae
966 2906 1005 2953 vis
1033 2907 1201 2971 opprimitur-5

131 2970 228 3030 stchen'‚
237 2967 353 3021 hildlich.
373 2969 638 3040 llhcnsoNep.'l‘h1-as.
693 2988 766 3022 senes
777 2975 862 3022 autem
873 2974 918 3036 sic,
931 2976 960 3020 ol
969 2987 1018 3023 rua
1026 2972 1204 3039 montecelle

129 3038 176 3095 15
196 3037 291 3089 bellum
310 3038 421 3091 indicere
438 3039 485 3091 dcn
502 3039 582 3104 lirieg
598 3057 639 3092 er·
693 3039 808 3090 adhibita
833 3043 864 3106 va‘,
889 3045 1050 3106 consumptus
1067 3041 1138 3106 toenia
1154 3057 1201 3090 ec-

130 3105 229 3158 lrl‘a'reo.
246 3107 303 3158 Alc.
322 3106 394 3158 lV.'l
415 3111 443 3158 in
460 3109 586 3159 ohcallione
602 3114 639 3160 te·
692 3111 845 3173 stingultur.
882 3096 1004 3170 inrigans
1024 3109 1061 3158 ist
1080 3109 1126 3158 das
1147 3124 1202 3159 esse

130 3190 190 3225 nere
201 3175 234 3224 ina
247 3176 343 3226 Schach
355 3177 451 3227 halten.
694 3191 742 3226 vor
758 3175 893 3226 uideantur
909 3177 979 3225 nicht
992 3177 1200 3241 bedeutungslos:

164 3258 219 3292 meo
244 3246 347 3294 nominc
375 3261 416 3294 um
445 3246 636 3308 meiuctwillen,
692 3246 873 3294 cxstz'nctae
890 3247 1201 3312 potiusqrmmopprer-

131 3310 180 3374 eig.
199 3324 227 3358 so
241 3312 299 3361 dass
318 3313 359 3361 ich
378 3312 418 3363 die
434 3321 559 3376 gennente
570 3313 638 3363 Ver-
691 3327 744 3362 sue
761 3312 894 3364 videantur
914 3311 1061 3363 bezeichnet
1074 3313 1143 3363 bloss
1155 3314 1201 3362 das

132 3377 340 3442 uolassungwor.
370 3380 399 3447 Q.
410 3380 543 3447 Pompeius
552 3380 637 3451 Nepos
691 3378 1046 3445 llrgeboissderllandlung,
1071 3384 1200 3430 exstin-

130 3447 202 3496 hattc
215 3448 277 3496 noch
287 3446 407 3499 Plutarch
416 3451 471 3501 dem
481 3448 568 3514 Scipio
579 3464 638 3501 ver·
691 3450 853 3517 ctaepotc'os
861 3464 939 3514 quam
949 3463 1119 3564 oppressae
1134 3465 1203 3498 esce

131 3515 265 3579 sprochcu,
279 3515 324 3565 mit
335 3517 384 3565 ihm
402 3517 639 3583 gemeinschaftlich
692 3516 826 3585 uideamur
843 3516 920 3566 weist
931 3532 963 3566 au
987 3517 1029 3566 die
1041 3516 1201 3580 llandlungs-

132 3582 174 3631 die
191 3581 346 3648 Bcwerhucg
367 3584 410 3635 des
427 3583 516 3635 Lfflius
533 3600 574 3634 um
592 3585 637 3635 das
692 3586 772 3635 weise
792 3584 873 3634 selhst
894 3583 953 3648 hin,
977 3585 1028 3634 uod
1049 3585 1085 3634 ist
1106 3600 1125 3635 s.
1139 3601 1164 3634 v.
1178 3601 1200 3636 a.

132 3649 254 3700 Consulat
271 3667 303 3700 zu
319 3654 510 3717 onterstiitzco,
526 3653 639 3704 hernach
691 3653 1048 3719 utcoesta'nguipotiussim'sse
1058 3655 1202 3704 amicitiam

132 3718 203 3782 aher,
220 3719 315 3768 seinem
334 3720 511 3786 Versprechen
534 3729 637 3785 untreu,
692 3736 772 3786 param
788 3723 943 3787 opprerszsce
955 3720 1065 3771 videare.

132 3786 185 3836 sich
210 3787 290 3837 selhst
312 3804 343 3836 zu
369 3789 455 3839 dieser
472 3788 571 3840 Wiirdc
594 3804 638 3854 gc·
729 3787 871 3839 Cavendum
899 3802 957 3838 uero
990 3788 1201 3840 nachdriiclrlich:

132 3854 224 3918 (ltingt
236 3855 292 3919 (141
308 3871 331 3905 v.
347 3856 425 3921 Cha).
692 3856 774 3908 lliitcn
786 3858 848 3907 aher
859 3871 928 3907 mnss
939 3872 996 3907 man
1008 3858 1070 3907 sich.
