2766 4432
184 232 225 292 60
644 227 794 282 LAELIUS.

184 383 327 461 dignitate
341 384 483 464 superari.
517 385 652 458 Quorum
667 384 800 464 plerique
815 392 866 446 aut
882 391 1051 464 queruntur
1065 401 1182 462 semper
1199 385 1253 446 ali·

184 469 265 547 quid,
279 471 423 531 autetiam
431 470 726 549 exprobrant:e0que
738 468 842 547 magis,
857 469 881 529 si
891 469 998 530 hahere
1010 490 1042 530 se
1053 477 1160 548 putant
1172 471 1253 549 quod

184 553 315 615 officiose
331 563 361 615 et
376 555 470 616 amice
487 561 516 615 et
531 573 599 615 eum
610 555 710 616 labore
723 555 819 633 aliquo
832 574 885 615 suo
897 558 1007 615 factum
1021 562 1132 633 queant
1144 554 1251 616 dicere.

185 639 329 700 Odiosum
346 657 417 701 sane
432 658 526 718 genus
536 638 705 710 hominum,
717 640 814 700 officia
826 640 1083 718 exprobrantium:
1099 659 1176 718 quae
1188 660 1254 701 me-

181 724 303 785 minisse
329 726 418 786 debet
443 725 468 785 is
484 725 515 785 in
527 743 615 803 quem
632 727 734 787 eollata
760 733 841 797 sunt,
869 742 930 785 non
951 743 1186 786 commemorare
1202 725 1254 805 qui

130 808 164 859 72
185 809 319 871 contulit.
343 811 439 883 Quam
452 810 568 871 obrem
583 818 617 870 ut
631 810 661 881 ii,
673 809 725 889 qui
741 809 909 889 superiores
924 818 1004 883 sunt,
1019 810 1208 872 summittere
1220 831 1253 872 se

184 894 295 956 dehent
309 896 341 955 in
356 895 498 968 amicitia:
515 895 559 956 sie
573 895 702 974 quodam
719 895 808 956 modo
823 895 979 956 inferiores
994 896 1144 956 extollere.
1176 896 1256 957 Sunt

183 980 264 1040 enim
287 980 407 1059 quidam
422 981 474 1060 qui
489 983 630 1042 molestas
645 980 788 1042 amicitias
803 980 925 1051 faciunt,
942 999 1034 1059 quum
1055 981 1112 1058 ipsi
1129 999 1161 1041 se
1176 999 1252 1041 eon-

182 1064 279 1126 temni
287 1073 408 1144 putant:
421 1066 500 1144 qued
517 1084 579 1126 non
591 1065 653 1127 fere
666 1066 811 1143 contingit
826 1065 881 1126 nisi
897 1065 932 1126 iis
947 1066 998 1145 qui
1012 1065 1100 1126 etiam
1115 1073 1254 1127 centem-

183 1150 301 1210 nendes
327 1170 359 1211 se
385 1150 575 1223 arbitrantur,
603 1151 652 1230 qui
669 1151 722 1211 hae
737 1151 879 1229 opinione
894 1169 956 1211 non
972 1150 1063 1211 mede
1079 1151 1176 1211 verbis
1199 1151 1254 1212 sed

130 1233 164 1284 73
184 1234 272 1295 etiam
294 1254 384 1314 opere
406 1235 521 1297 levandi
543 1244 621 1297 sunt.
656 1236 786 1297 Tantum
807 1243 907 1296 autem
923 1235 1031 1315 cuique
1049 1235 1255 1308 tribuendum,

184 1319 314 1398 primum
331 1328 475 1400 quantum
491 1321 553 1400 ipse
568 1321 686 1382 efficere
695 1321 807 1400 possis,
819 1321 927 1382 deinde
936 1321 1024 1381 etiam
1038 1331 1183 1399 quantum
1196 1321 1253 1394 ille,

183 1423 272 1484 quem
285 1405 389 1483 diligas
401 1413 489 1485 atque
501 1407 631 1476 adiuves,
644 1407 803 1467 sustinere.
827 1406 894 1483 Non
906 1405 988 1465 enim
1000 1424 1097 1484 neque
1107 1407 1253 1486 tupossis‚

183 1491 316 1568 quamvis
331 1492 399 1552 iicet
415 1492 548 1568 excellas,
566 1509 671 1552 omnes
686 1498 755 1552 tues
770 1491 806 1552 ad
822 1491 954 1551 honores
970 1491 1170 1570 amplissimos
1182 1510 1254 1570 per-

221 1769 334 1833 Querum
345 1791 363 1811 =
375 1769 426 1820 Sed
443 1785 540 1820 amem.
745 1774 804 1820 ut-
816 1772 854 1820 sie
865 1769 900 1834 -i,
913 1771 956 1820 hat
968 1770 1056 1821 seinen
1070 1769 1254 1834 guten'Grund.

218 1842 363 1903 edometur
377 1853 477 1906 semper
494 1837 593 1902 aliquid
610 1838 692 1887 haben
745 1837 836 1890 Ldlius
848 1837 937 1888 wellte
955 1839 1026 1888 nieht
1043 1838 1121 1888 allein
1139 1855 1190 1889 ven
1206 1840 1254 1890 den

184 1905 272 1956 immar
298 1913 379 1956 etwas
401 1923 433 1955 zu
454 1906 546 1970 klagen
573 1906 692 1971 (klagend
746 1907 979 1968 Hiiherstehenden‚
996 1907 1106 1957 sendern
1124 1907 1188 1957 cuch
1201 1922 1254 1960 ven
1295 1958 1298 1964 ,

184 1973 389 2039 verzuhringen).
746 1974 793 2025 den
817 1975 1092 2036 Niedrigerstehenden
1120 1977 1253 2040 sprechen.

218 2058 264 2092 sne
277 2057 327 2091 ven
339 2043 412 2092 ihrer
423 2041 501 2092 Seite.
746 2043 841 2094 Darum
855 2043 958 2106 beginnt
970 2058 999 2092 er
1012 2058 1050 2105 so,
1068 2043 1107 2092 als
1120 2043 1201 2106 l'elgte
1213 2049 1252 2096 rie

218 2111 281 2160 isin
294 2126 366 2174 quem
379 2109 540 2161 enumerent
552 2111 599 2160 mit
610 2110 693 2159 einem
745 2113 884 2178 infertores
902 2110 1010 2175 qatedem
1028 2111 1103 2161 mede
1124 2115 1186 2162 ment
1206 2130 1253 2164 ecc·

184 2177 279 2228 Worta
300 2183 350 2227 —?
378 2181 422 2243 qui
436 2179 543 2230 contulit
564 2180 610 2229 der
627 2179 692 2230 Ver·
746 2179 857 2230 tollendi.
893 2178 951 2228 Dies
964 2180 1030 2229 wird
1049 2181 1114 2228 dann
1133 2184 1255 2244 vermdge

184 2245 277 2296 leiher.
309 2245 368 2309 Vgl.
382 2245 454 2297 XXI.
470 2248 503 2299 ts
520 2250 544 2296 is
556 2247 694 2314 quisaeiat
747 2248 819 2298 einer
840 2247 951 2298 leiehten
968 2247 1139 2298 Anekeluthie
1162 2251 1256 2301 anders

184 2315 234 2364 und
247 2316 323 2379 isqui
330 2317 446 2381 patiatur
456 2317 591 2366 iniuriam.
747 2317 888 2378 gewendet.

220 2383 234 2430 'i
237 2384 260 2432 2.
277 2382 480 2446 Quamobrem:
501 2381 574 2434 Weil
587 2383 629 2432 die
641 2379 693 2433 Un·
781 2387 833 2451 ipsi
844 2384 883 2433 sie
896 2383 984 2447 selbst‚
997 2383 1030 2433 im
1040 2380 1199 2447 Gegeneatze
1210 2401 1255 2448 ge-

182 2451 333 2515 gleiehheit‚
357 2467 430 2518 wenrr
452 2451 491 2502 sie
512 2452 567 2501 siah
589 2450 692 2500 iiihlbar
746 2455 944 2518 genemieitias.

183 2520 276 2582 meeht,
301 2520 388 2570 solehe
411 2519 567 2571 Ubelstiinda
590 2517 692 2569 herbei-
780 2523 814 2570 iis
823 2522 874 2585 qui,
884 2522 937 2585 qui:
952 2518 1123 2585 Einordnung.
1136 2519 1199 2572 Vlli.
1211 2522 1252 2572 27.

183 2586 307 2638 zusdhren
318 2589 404 2652 pssegt.
781 2587 974 2639 contemnendos
982 2605 1009 2638 se
1018 2587 1254 2652 Geringsehdtzung

176 2656 180 2663 '
219 2657 256 2706 sie
280 2654 388 2720 quodam
411 2655 497 2706 mode:
527 2655 565 2705 ‘so
590 2655 690 2734 miissen
745 2654 951 2707 ‘zuverdienen'.
1031 2661 1044 2671 '

184 2723 690 2858 :tittt't‘dtttdatetta
744 2722 1254 2858 atttttittttdttmtt22¹3

184 2860 285 2909 miissen
297 2860 523 2922 gewissermassen
536 2860 576 2910 die
589 2855 691 2910 Niedri-
745 2862 890 2912 benehmen.
939 2905 943 2912 .

183 2928 368 2991 gerstehenden
410 2928 464 2978 sich
505 2925 689 2994 emperheben'.
780 2931 821 2979 73.
840 2932 961 2994 quantum
979 2927 1025 2977 tue
1036 2928 1178 2995 syllepsis:
1200 2931 1253 2992 vgl.

183 2995 255 3046 Denn
282 2999 303 3048 1.
329 2997 425 3046 miisste
450 3003 522 3046 senst
551 2997 692 3063 inferiores
744 2996 790 3048 IX.
802 2998 834 3047 30
843 2997 950 3061 sedege.

183 3065 362 3127 veranstehen,
380 3066 417 3115 sie
432 3062 691 3132 inferioresquedam
780 3063 838 3116 Non
859 3067 927 3115 enim
950 3067 1073 3129 aequetis
1088 3067 1171 3130 pessis
1187 3063 1252 3116 lissi

183 3131 271 3192 med03
297 3133 321 3182 2.
337 3132 404 3182 kann
421 3149 447 3182 se
460 3133 531 3182 nieht
547 3148 592 3182 aus
611 3132 690 3180 einen
745 3141 874 3184 erwarten
891 3148 970 3198 neque
985 3131 1050 3182 alter
1060 3131 1159 3196 quidvis
1171 3136 1253 3199 pessit

184 3201 281 3250 andern
299 3200 375 3250 Satze
395 3201 562 3264 herangehelt
580 3199 692 3259 werden,
745 3204 878 3266 sustinere,
895 3216 950 3251 was
966 3200 1028 3249 aber
1040 3200 1104 3250 nach
1116 3200 1171 3250 dem
1183 3201 1255 3251 Zwi-
1302 3199 1315 3259 Ξ

185 3284 213 3319 es
241 3268 337 3319 iniisste
366 3269 468 3319 heissen
496 3271 533 3320 sie
556 3269 693 3336 inferiores
746 3270 897 3321 sehensetze
921 3270 948 3319 in
970 3268 1057 3317 dieser
1081 3266 1156 3319 Form
1181 3269 1252 3320 nieht

184 3335 293 3401 quedem
304 3336 567 3398 modeseexteliere3
587 3338 611 3386 3.
624 3335 691 3384 wird
745 3337 819 3401 folgt.
847 3338 898 3389 Das
911 3352 992 3401 aeque
1007 3335 1111 3385 istaise
1121 3338 1254 3403 pertinatia

186 3405 211 3453 in
229 3405 372 3468 Beziehung
388 3405 433 3456 auf
446 3407 515 3456 diese
533 3405 626 3456 Werte
647 3418 692 3452 en·
744 3405 863 3474 peredeus,
887 3405 937 3456 wie
954 3405 999 3455 das
1016 3403 1085 3454 xvi.
1098 3407 1129 3454 tt
1148 3406 1254 3471 haspre-

184 3473 297 3536 gegeben
323 3474 392 3524 nieht
416 3473 466 3524 wie
487 3474 529 3524 die
555 3474 692 3540 insmieres
747 3475 825 3526 chene
838 3472 896 3524 Nee.
1175 3485 1179 3488 ·

185 3541 268 3590 selbst
295 3542 351 3592 sich
376 3544 555 3608 emperhehen,
582 3539 691 3591 sendern
780 3541 989 3592 lieetimmerhin.
1011 3539 1044 3589 Se
1057 3542 1126 3591 steht
1138 3543 1201 3592 euch
1213 3558 1253 3592 ee-

184 3607 236 3658 wie
254 3611 292 3658 sie
311 3611 512 3674 emporgehoben
524 3611 625 3660 werden
638 3607 692 3658 sel·
724 3659 725 3663 ,
745 3609 791 3663 le'm
804 3611 835 3660 de
848 3609 892 3660 Or.
910 3607 949 3658 ill.
968 3609 1011 3660 26.
1025 3609 1086 3662 101:
1107 3625 1254 3675 quanquam

185 3674 242 3739 len,
272 3677 383 3727 niimlieh
411 3680 492 3728 dureh
518 3677 612 3729 Worte
641 3675 691 3725 nnd
745 3678 974 3738 sitvelimeredra,
992 3691 1066 3726 wenn
1079 3678 1116 3727 sie
1129 3679 1251 3729 anchin-

185 3741 292 3793 Werire.
328 3744 392 3794 Dass
415 3746 487 3796 nicht
510 3747 555 3796 dns
579 3745 690 3810 gemein·
744 3744 1007 3809 merhinhiiuflgsein
1018 3739 1082 3808 meg.

184 3809 448 3874 sebastlieheSubjeet
456 3814 645 3879 verengestellt
656 3813 691 3862 ist
778 3814 809 3864 P.
832 3813 971 3930 desidium.
1007 3812 1083 3864 Seine
1106 3814 1186 3865 Wehl
1208 3815 1253 3864 be-

184 3879 277 3950 (Oamm
287 3880 316 3929 ed
325 3895 379 3930 rem
389 3883 469 3946 ititw'
473 3883 690 3949 superiorum,
744 3881 869 3933 werkstel
882 3881 933 3946 igne
942 3881 1028 3947 Seipie
1040 3878 1083 3933 fiir
1094 3883 1140 3933 das
1151 3881 1175 3933 J.
1189 3883 1253 3934 1322

877 3967 885 3983 Χ
