2766 4432
593 240 742 296 emulus,
1156 243 1196 303 57

130 396 176 456 vel
191 396 288 458 odisse
302 395 397 475 magis
411 396 532 474 ingenui
546 404 591 457 est
605 415 693 476 quam
714 397 815 457 fronte
836 394 984 456 occultare
1004 396 1198 468 sententiam

130 481 238 544 deinde
254 500 316 542 non
332 483 429 543 solum
444 481 480 542 ah
495 481 593 561 aliquo
609 481 709 542 allatas
730 479 953 542 criminationes
973 481 1126 560 repellere,
1146 481 1198 542 sed

131 585 170 627 ne
185 567 281 646 ipsum
297 567 419 647 quidem
439 586 504 628 esse
523 566 731 645 suspiciosum,
752 583 872 644 semper
892 565 1001 644 aliquid
1025 565 1199 626 existiman-

130 661 192 712 tem
209 653 245 713 ab
260 654 353 713 amico
370 671 434 712 esse
450 652 602 712 violatum.
632 652 761 712 Accedat
776 652 836 712 huc
855 650 985 711 suavitas
1002 653 1146 730 quaedam
1162 672 1197 713 o-
1211 657 1253 728 ,66

129 744 230 816 portet
248 755 425 799 sermonum
444 744 534 816 atque
554 755 684 808 morum,
706 736 933 815 haudquaquam
954 736 1105 796 mediocre
1123 754 1198 798 con-

131 822 296 882 dimentum
313 821 468 883 amicitiae.
499 821 632 883 Tristitia
647 828 746 883 autem
763 828 793 882 et
807 820 840 882 in
852 819 935 880 omni
946 839 979 882 re
990 821 1131 882 severitas
1144 821 1198 882 ha-

129 905 182 968 666
200 907 248 969 1116
270 907 392 986 quidem
413 906 605 985 gravitatem
625 907 678 968 sed
698 905 825 967 amicitia
848 905 1003 967 remissior
1023 925 1088 966 esse
1111 906 1198 967 debet

130 998 161 1052 et
180 991 311 1066 liberior,
333 1000 363 1053 et
383 992 497 1053 dulcior
518 1000 549 1053 et
569 992 605 1053 ad
625 1010 746 1052 omnem
769 991 941 1097 comitatem
966 991 1088 1052 facilitat
1076 999 1198 1071 temque

131 1077 297 1157 proclivior.

215 1161 291 1222 11111
314 1161 422 1223 Exsist
401 1168 494 1223 ttrtau
495 1181 543 1222 em
558 1109 966 1258 hoclocoquaedamquaest
958 1181 986 1222 ιο
944 1160 1199 1222 6666111661116;
1219 1170 1253 1224 et

129 1266 202 1309 num
219 1246 337 1327 quando
353 1247 439 1309 amici
461 1247 539 1318 novi,
559 1245 642 1325 digni
664 1246 801 1318 amicitia,
820 1245 1014 1307 veteribus
991 1253 1051 1307 666
1071 1253 1198 1325 antepo-

130 1333 231 1402 nendi,
248 1341 281 1393 ut
296 1333 379 1413 equis
395 1333 501 1394 vetulis
516 1338 703 1393 tenerost
653 1342 703 1391 ant
705 1349 836 1410 eponere
848 1333 989 1392 solemus.
1006 1331 1131 1409 indign-a
1143 1332 1198 1391 ho·

130 1419 212 1480 mine
229 1415 388 1479 dubitatio!
406 1418 471 1478 Non
479 1417 560 1478 enim
569 1415 681 1479 debent
692 1435 757 1477 esse
765 1416 975 1487 amicitiarum,
992 1417 1199 1490 sicutaliarum

130 1522 241 1574 rerum,
257 1503 420 1564 satietates:
438 1502 594 1564 veterrima
610 1521 755 1582 quaeque,
769 1509 804 1561 ut
816 1521 848 1562 ea
860 1503 926 1563 rina
938 1510 1199 1581 quaeretustatem

131 1589 243 1659 ferunt,
260 1607 327 1648 esse
343 1588 431 1649 dehet
445 1588 629 1660 suavissima,
645 1605 808 1666 verumque
828 1587 899 1647 illud
920 1594 964 1647 est
985 1587 1064 1666 quod
1081 1587 1199 1659 dicitur,

130 1675 238 1735 multos
253 1672 370 1735 modios
385 1674 453 1735 salis
468 1673 557 1734 simul
572 1672 711 1752 edendos
721 1691 786 1732 esse
798 1679 832 1732 ut
852 1672 998 1732 amicitiae
1020 1690 1130 1732 munus
1147 1691 1199 1732 ex-

129 1760 191 1842 plet
192 1765 297 1819 umt
258 1758 305 1819 sit.
329 1759 479 1822 Novitates
494 1766 594 1818 autem
610 1757 634 1817 si
649 1775 733 1836 spem
748 1757 877 1817 afferunt
890 1764 924 1853 ut
934 1764 1077 1836 tanquam
1089 1757 1122 1817 in
1132 1757 1202 1816 her·
1221 1769 1257 1820 66

130 1930 200 1981 611666
220 1931 291 2010 (leuco
301 1928 374 1993 6166)
392 1932 508 1996 proauum
519 1947 550 1980 ne
567 1929 639 2010 gicht

130 1999 222 2048 616616
238 1997 467 2078 61661166166663,
485 1998 576 2048 161666
591 1998 639 2049 616

130 2068 186 2118 166
199 2064 244 2115 161.
257 2066 333 2116 616·
309 2081 367 2117 eme
378 2067 578 2132 appositionelle
588 2065 639 2115 Er-

130 2134 247 2196 klurung.

163 2203 251 2266 freuile
262 2201 349 2253 616666
361 2203 406 2252 166
419 2202 499 2262 Stirn,
516 2200 637 2262 eig.1nit-

128 2270 192 2321 telst
202 2273 247 2320 der
257 2271 340 2320 Stis-n:
352 2272 392 2320 als
402 2271 447 2320 166
456 2271 636 2332 6616116666,

129 2339 179 2388 wie
192 2339 231 2390 sio
248 2339 279 2388 16
291 2339 364 2404 petit.
378 2338 476 2389 666661
489 2336 534 2387 Χ1.
547 2338 581 2387 41
593 2353 636 2402 ge·

131 2406 296 2457 nuuntwird.

164 2491 196 2524 ne
216 2477 302 2542 iprum
323 2474 424 2540 quidun
452 2472 534 2535 (auch)
557 2472 639 2523 661666

129 2558 176 2606 ger
201 2543 282 2592 61666.
318 2544 351 2594 So
375 2541 446 2606 giebt
462 2557 529 2590 ne-
538 2539 639 2605 quidem

130 2611 203 2661 61666
219 2610 301 2660 661666
320 2617 383 2661 66666
396 2611 468 2660 61666
482 2609 636 2659 6161116666

63 2680 66 2691 “
133 2679 189 2728 6166
224 2678 293 2728 61666
329 2678 446 2729 16666116
475 2677 637 2759 Stcigerung.

129 2746 201 2796 Beue
211 2750 293 2796 uester
300 2747 367 2796 nihil
376 2761 471 2812 agens:
484 2747 638 2812 666666616-

130 2817 193 2864 66616
211 2816 306 2878 t'gt'tur:
327 2818 364 2865 116
383 2831 415 2865 ne
434 2815 522 2864 666666
537 2813 638 2878 quodem

131 2884 188 2946 (gar
199 2882 270 2932 616166
281 2883 363 2946 seligi.

165 2949 265 3015 aliquid
279 2949 382 3015 'irgend
411 2952 452 3000 ein
483 2948 564 3000 Recht
593 2951 640 3000 166

132 3017 331 3081 166661661616,
362 3020 453 3082 irgcud
477 3019 532 3068 6166
556 3018 640 3068 1111616-

131 3087 206 3138 61666.

166 3155 206 3206 66.
226 3155 431 3206 6666666166
444 3153 638 3218 Uuterhaltung.

130 3222 214 3273 Dureh
236 3224 348 3274 walchen
370 3223 491 3286 Siugular
513 3223 549 3272 ist
573 3221 639 3273 1666

130 3305 233 3340 moretm
245 3307 275 3340 zu
288 3294 385 3354 gehen?

165 3361 299 3408 6666166166
312 3357 552 3422 (uugezwungoner)
571 3361 596 3407 et
607 3356 639 3407 li-

131 3427 216 3477 berior
229 3426 451 3490 (rdekhaltsloser)
468 3428 528 3489 geht
540 3424 639 3477 661116

130 3497 240 3546 tristitia
262 3494 521 3557 6666666661116666)
540 3493 639 3552 dulcior

131 3562 305 3626 (11666616666)
318 3567 345 3614 et
355 3564 490 3630 proclivior
501 3560 547 3614 661
557 3562 623 3612 die'
611 3577 640 3611 m

132 3645 201 3679 66666
212 3646 241 3680 re
253 3634 382 3683 emeretur

164 3697 237 3748 xlx.
256 3699 297 3749 67.
319 3701 364 3749 666
385 3699 471 3750 loeo:
487 3701 566 3748 lrac'
554 3714 582 3748 an
602 3714 639 3761 re,

130 3765 238 3817 hierhei.

164 3835 255 3886 vetulis
272 3849 346 3885 wenn
362 3835 400 3885 616
418 3836 469 3893 616,
493 3834 543 3885 661
561 3833 640 3885 16616

130 3904 245 3955 6666666
264 3903 314 3952 661
332 3902 510 3955 6666666666
521 3903 640 3959 werdone,

692 1932 765 1979 uetus
792 1928 873 1978 hat'
862 1945 927 1992 Jung
951 1944 1007 1978 zum
1032 1925 1199 1993 Gegensutze,

693 1996 789 2046 vetulus
800 1996 925 2060 hingegen
935 1995 1092 2060 jugendlich.

726 2065 951 2116 666166Ν1666
967 2065 1020 2116 alle
1035 2065 1127 2116 Weine
1139 2081 1198 2116 ver·

692 2140 783 2195 tragon
798 2132 843 2183 166
860 2133 942 2197 Alter,
966 2134 1075 2183 6661666
1095 2135 1200 2185 666666

692 2215 846 2250 6666666666
864 2201 927 2251 Coto
940 2200 973 2250 Μ.
986 2201 1076 2252 XVlll.
1090 2203 1132 2252 65.

725 2269 934 2319 666166666οό166.
966 2269 1038 2321 Weil
1050 2270 1092 2320 die
1104 2271 1202 2320 Zuthat

692 2337 737 2387 des
750 2337 837 2392 861666
856 2353 912 2387 zum
924 2338 1006 2388 116666
1019 2339 1075 2389 6166
1086 2339 1202 2389 66661116-

692 2404 844 2468 nissmiissig
853 2421 881 2455 so
892 2406 999 2470 gor-inge
1011 2407 1056 2470 ist,
1069 2422 1097 2457 66
1110 2407 1146 2457 166
1155 2406 1203 2456 166
1244 2422 1245 2425 ’

692 2471 755 2522 8166
772 2473 856 2522 116666
873 2475 937 2524 6666
955 2474 996 2524 661
1015 2475 1062 2525 166
1075 2475 1200 2526 (16166666

692 2541 742 2590 661
752 2540 793 2590 661
803 2557 849 2592 666
859 2541 1004 2604 gungbaron
1014 2543 1202 2607 Spriehworts:

692 2607 747 2658 Es
739 2615 775 2657 ist
787 2609 844 2658 6166
857 2611 916 2658 6666
925 2610 1000 2672 lange
1010 2609 1204 2661 Gemeinschuit

692 2674 870 2739 661661661166,
893 2678 953 2729 1666
976 2679 1021 2728 166
1047 2678 1129 2728 Werk
1153 2680 1200 2729 der

692 2713 878 2796 166661666616
889 2745 979 2796 66111116
990 2747 1036 2797 661.
1060 2747 1111 2796 1166
1119 2745 1204 2798 Werk

694 2813 756 2863 oder
772 2814 814 2863 die
826 2811 941 2884 Aulgaho
957 2815 1003 2865 der
1015 2813 1201 2865 Freuudsehelt

693 2880 795 2930 hesteht
815 2875 1204 2946 666616616616666111666-

693 2963 764 2998 6666
784 2948 917 3000 Harmonia
934 2952 980 3000 166
997 2951 1087 3001 666166
1106 2967 1138 3000 zu
1158 2951 1202 3000 he-

694 3016 802 3066 wirlreu.

728 3085 858 3136 6166661666
866 3085 1015 3134 wedcrhier
1023 3087 1088 3135 noch
1097 3086 1203 3149 165661-

693 3167 734 3202 wo
754 3153 796 3202 116
816 3153 962 3216 Bedeutuug
982 3169 1032 3203 von
1053 3170 1117 3216 666,
1139 3153 1203 3204 6666

693 3221 838 3283 bethauen,
854 3221 951 3271 welche
965 3222 1010 3272 das
1023 3222 1081 3273 Salz
1095 3222 1203 3286 ‘gleich-

693 3287 778 3352 zeitig'
792 3304 874 3348 essen,
887 3289 952 3338 wird
966 3288 1206 3341 116666616666616

693 3356 838 3418 16606666,
854 3358 893 3408 616
912 3357 967 3407 6166
984 3373 1033 3407 von
1046 3359 1199 3408 661666666-

693 3425 808 3488 6666661,
820 3432 1024 3489 voruusgesetzt.

728 3493 770 3543 66.
783 3495 880 3542 6661666
869 3495 965 3543 616666
977 3493 1062 3544 Neue·
1074 3492 1123 3544 wie
1135 3496 1205 3543 ratio

694 3561 738 3611 das
763 3560 907 3611 Rationelle
938 3561 999 3610 odor
1021 3558 1199 3625 Verniinltige,

693 3631 814 3679 66666666
825 3630 871 3679 166
885 3627 1041 3691 6666611666,
1061 3627 1202 3679 crudelitas

693 3697 739 3747 166
759 3694 914 3758 66666666,
934 3665 1071 3762 grundtiar
1092 3698 1136 3747 166
1153 3695 1208 3754 116,

693 3764 799 3827 666666,
816 3767 965 3815 immunitas
983 3766 1027 3815 das
1046 3764 1204 3817 Unmensch-

694 3833 774 3883 11666.

727 3915 798 3968 spem
814 3901 933 3966 efferant
945 3903 974 3951 ut
988 3900 1027 3952 iet
1042 3901 1106 3950 nach
1117 3899 1204 3951 Mass·
