2766 4432
225 199 266 260 46
682 197 842 255 ‚Laeuus

223 355 328 433 inopes
344 371 431 432 quam
450 353 592 432 opulenti,
609 360 638 414 et
659 352 822 414 calamitosi
836 373 927 433 quam
943 353 963 414 ii
979 353 1030 432 qui
1045 359 1189 432 putentur
1203 353 1290 415 beati.

173 442 205 496 47
225 439 253 498 0
266 439 447 518 praeclaram
462 435 651 516 sapientiam!
668 438 769 498 Solem
781 438 863 498 enim
875 459 891 500 e
904 439 1017 500 mundo
1028 439 1132 501 tollere
1143 438 1292 512 videnum,

226 523 278 603 qui
292 522 452 586 amicitiam
470 543 486 584 e
503 522 560 583 vita
574 523 698 588 tollunt:
730 541 788 602 qua
804 522 877 585 nibil
892 543 910 584 a
925 523 980 585 diis
995 523 1212 588 immortalibus
1228 543 1292 585 me·

225 609 284 670 lius
299 609 456 679 babemus,
484 607 560 668 nihil
574 607 745 670 iucundius.
787 607 870 679 Quae
896 617 943 672 est
955 609 1036 670 enim
1056 609 1112 669 ista
1126 605 1293 670 securitas?
1335 634 1337 637 ·

227 694 332 773 Specie
348 693 468 773 quidem
483 693 598 763 blanda,
615 693 667 754 sed
680 711 788 773 reapse.
799 694 900 756 multis
913 694 986 755 loeis
1001 693 1194 773 Qudiauda.
1231 693 1292 756 Ne·

226 797 285 858 que
300 779 381 839 euim
398 787 444 839 est
458 787 695 841 consentaneum
710 780 800 840 mam
813 779 972 842 honestam
982 797 1048 840 rem
1059 779 1242 841 actionemre
1254 798 1292 840 ue

227 863 370 927 sollicitus
386 864 428 924 sis
441 871 493 925 aut
506 880 569 924 uon
584 864 747 943 suscipere,
760 874 816 927 eut
825 873 1000 944 susceptam
1014 865 1172 943 tlepouere.
1205 864 1291 936 Quod

155 1003 157 1006 .
227 949 252 1010 si
268 967 370 1010 wem
385 947 524 1027 fugimus,
539 948 634 1010 virtus
645 949 785 1026 fugienda
797 957 852 1011 est.
873 950 958 1022 Quae
968 967 1092 1015 necesse
1103 956 1148 1009 cst
1159 967 1228 1010 cum
1240 949 1293 1010 ali·

227 1054 285 1113 qua
300 1052 434 1095 curares
449 1032 507 1095 sibi
523 1033 687 1095 contrarias
702 1044 879 1114 aspernetur
894 1043 983 1117 atque
998 1034 1110 1095 oderit:
1126 1041 1161 1095 ut
1175 1033 1292 1096 bonius

226 1119 377 1191 malitiam,
393 1119 591 1198 temperantia
605 1119 767 1192 libidinem,
784 1120 931 1200 maasiam
947 1119 1098 1181 tortitudo.
1131 1118 1235 1199 ltaque
1248 1118 1292 1179 ri-

227 1204 396 1268 deasrebus
408 1203 528 1266 iniustis
544 1203 641 1267 iustos
652 1205 780 1267 maxime
790 1206 899 1278 dolere,
914 1203 1082 1266 imbellibus
1093 1207 1196 1277 fortes,
1211 1203 1293 1282 flagi·

226 1289 314 1351 tiosis
328 1289 487 1350 modestos.
523 1289 603 1368 Ergo
627 1290 684 1351 hoe
697 1291 852 1370 proprium
867 1298 915 1353 est
928 1288 1020 1352 animi
1034 1289 1114 1350 bene
1129 1289 1292 1361 constituti,

176 1383 209 1434 48
228 1383 258 1436 et
273 1374 374 1436 laetari
388 1373 477 1435 bouis
492 1373 582 1436 rebus
599 1381 630 1436 et
641 1376 746 1437 -dolere
758 1374 925 1437 contrariis.
948 1374 1091 1448 Quamob
1103 1374 1204 1437 remei
1216 1374 1294 1436 cadit

226 1459 258 1519 in
273 1459 438 1538 sapientem
454 1458 544 1520 animi
560 1460 652 1531 dolor,
681 1460 732 1540 qui
747 1461 882 1540 prolecto
898 1459 973 1521 cadit
988 1460 1048 1520 nisi
1063 1478 1099 1520 ex
1114 1459 1177 1520 eius
1193 1459 1292 1520 animo

227 1545 415 1623 exstirpatam
430 1544 647 1606 humanitatem
663 1544 843 1607 arbitramur
851 1553 862 1605 ε’
875 1564 950 1624 quae
966 1564 1054 1606 causa
1066 1552 1112 1605 est
1123 1563 1176 1605 cur
1191 1545 1293 1605 amici-

226 1630 298 1690 tiam
315 1629 450 1690 funditus
465 1629 604 1690 tollamus
620 1630 719 1703 evita,
746 1650 785 1692 nc
800 1630 912 1710 aliquas
927 1639 1051 1710 propter
1065 1648 1130 1690 eem
1146 1629 1292 1709 suspicia-

226 1732 295 1776 mus
310 1711 486 1775 molestias?
507 1714 585 1788 Quid
595 1713 674 1775 enim
686 1715 908 1791 interest'moto
919 1713 1139 1794 animisubleto
1152 1733 1213 1775 non
1225 1713 1292 1775 dico

258 1888 280 1936 ia·
310 1889 354 1952 poet
373 1873 499 1954 pectentes·
521 1887 591 1936 baeti
610 1909 622 1927 ·
643 1864 733 1952 ferlo·
823 1885 1134 1948 Quodcilaweuuzvll
1149 1853 1190 1936 23.

276 1957 282 1968 ’
341 1982 343 1986 -
820 1969 862 2006 ree
881 1956 933 2005 eibi
952 1957 1097 2008 conuertas
1113 1955 1173 2007 ihre
1192 1955 1293 2019 Geson-

259 2025 303 2077 47.
349 2021 369 2072 0
395 2021 557 2088 moechatam
586 2020 733 2073 ironiselrer
786 2021 867 2075 siitze

155 2118 156 2121 =
226 2090 309 2156 Spott.
820 2091 907 2156 &pue
950 2091 1019 2143 bein
1039 2126 1041 2130 Α
1059 2092 1291 2155 untergeordneten

259 2157 344 2208 Solem
363 2160 433 2207 erim
442 2156 567 2208 Fiirwabr
588 2157 627 2208 lie
640 2157 732 2209 Souoe.
786 2159 1021 2221 Schluessatz3-das
1032 2158 1187 2223 eigoetliehc
1201 2159 1292 2210 Rosul-

225 2226 294 2276 Aber
303 2226 442 2288 eigeutlieh
450 2226 669 2290 bogriintleteeieu
678 2226 731 2288 dee,
785 2233 825 2282 tat
838 2227 904 2277 wird
917 2233 972 2278 eret
982 2229 1030 2282 uait
1042 2227 1114 2292 Ergo
1124 2242 1245 2291 gezogon.

227 2310 280 2346 was
292 2295 334 2344 die
347 2294 514 2345 uomittelber
522 2294 731 2359 vorhergehoude
816 2298 949 2362 propriaeve
976 2297 1022 2346 ‹les
1046 2295 1292 2349 oherakteristisehe

226 2365 317 2414 irrisio
329 2362 451 2413 wirlliclr
461 2362 565 2426 meiat..
786 2362 935 2415 ‘Merkmal’.

260 2431 381 2484 labemus
399 2430 485 2493 klingt
502 2431 538 2481 im
549 2429 731 2487 Latoiuisebeu
819 2433 1030 2494 booeeoostiluti,
1041 2431 1289 2483 nimliclraoeturaa

226 2499 355 2551 lurcbaue
366 2499 439 2550 ululat
453 2513 482 2556 so
500 2500 602 2565 hequem
614 2499 664 2549 uui
677 2498 732 2548 lis·
785 2499 834 2550 wie
855 2499 926 2550 nicht
947 2516 995 2549 nur
1017 2516 1063 2550 aus
1082 2501 1128 2549 der
1145 2499 1292 2563 Redeutuug

227 2566 276 2630 sig,
299 2567 350 2618 wie
366 2569 411 2619 las
430 2567 553 2618 deutsche
578 2567 669 2619 ‘etwas
680 2583 732 2617 ron
785 2569 830 2621 dee
840 2567 928 2630 Verbi
942 2569 1051 2619 eundern
1062 2568 1293 2619 numeutliehauch

227 2636 290 2686 Jom.
312 2633 411 2686 habeu'.
451 2633 498 2684 Off.
520 2634 538 2685 l.
561 2634 602 2685 21.
621 2635 668 2685 ll:
688 2637 733 2700 put
785 2636 878 2687 denaus
897 2637 1005 2699 erbellt,
1026 2635 1132 2687 classim
1145 2635 1293 2698 Folgoetlen

226 2705 348 2754 buboete
362 2702 623 2754 uaturaudiemeotu
642 2718 733 2754 mum
785 2704 848 2754 cbcn
873 2703 972 2762 darauf,
996 2705 1056 2754 dass
1081 2704 1123 2753 die
1147 2705 1292 2755 netiirlielre

224 2769 733 2902 comestabulas
785 2770 1295 2892 rrrrmsrrrerm

225 2923 321 2959 remos.
348 2907 411 2974 Nep.
421 2908 486 2958 Dion
499 2906 516 2958 1.
527 2908 560 2957 t:
581 2908 665 2969 multo
676 2908 733 2959 oleo
784 2915 949 2971 auegerottet
967 2910 1070 2960 werden
1093 2907 1185 2971 titane,
1208 2910 1294 2972 Bezug

225 2976 258 3024 ab
270 2979 366 3026 autore
377 2976 466 3026 hebeat
475 2977 547 3026 boum
567 2964 622 3026 Ait.
634 2975 688 3031 Vll.
702 2977 731 3027 2:
784 2992 931 3039 genommeo
944 2977 996 3028 und
1009 2977 1102 3027 ueiter
1114 2976 1210 3040 gabant
1219 2978 1294 3028 wind.

226 3041 333 3094 Nullum
359 3045 391 3094 ul
412 3059 441 3094 eo
468 3045 574 3095 habebat
596 3058 732 3095 memen-
784 3045 841 3096 Von
871 3045 967 3096 diesem
999 3044 1295 3108 ‘wohlaiagerichteten’

224 3114 288 3161 tom.
784 3113 884 3164 Hersen
904 3114 964 3176 (off.
982 3112 1038 3164 1.4.
1055 3114 1084 3163 13
1105 3117 1209 3164 ammes
1236 3116 1295 3164 boae

260 3177 347 3246 Specie
379 3179 480 3244 quidem
513 3187 653 3247 autwortet
687 3177 734 3232 aul
785 3183 944 3248 treformutm
972 3197 990 3231 α
1018 3183 1125 3246 namra)
1159 3183 1294 3234 verschie-

230 3245 299 3308 Quae
310 3247 379 3310 (Von
391 3248 504 3299 welcher
515 3249 583 3311 Art).
603 3247 732 3300 Ubertleu
786 3251 834 3299 deu
853 3251 887 3300 ist
916 3251 977 3300 bene
999 3254 1183 3317 praeparatum
1206 3255 1295 3319 peetus

228 3314 399 3378 Gleiohkleng
419 3315 512 3366 moda
529 3346 555 3364 .-
574 3315 733 3383 eepudz‘ende
786 3316 874 3369 Horat.
889 3317 970 3369 Carme
984 3317 1013 3368 ll.
1029 3319 1068 3370 lb.
1084 3319 1123 3372 14.

226 3381 328 3434 qull.
342 3385 384 3433 43.
818 3387 863 3437 48.
881 3388 1029 3441 misceatis
1064 3387 1294 3444 temerbitroouee

143 3512 144 3515 Ἴ
259 3451 540 3503 muitieloeisiuvielen
550 3451 734 3518 Beuiehuugeu,
788 3452 823 3505 ist
837 3471 885 3505 nur
899 3455 940 3505 eiu
954 3455 1021 3509 mutii
1041 3455 1122 3506 cirtae
1135 3457 1188 3504 nisi
1197 3459 1294 3506 mettr-

225 3520 316 3569 multe's
327 3523 356 3569 in
368 3522 444 3571 rebus
456 3518 472 3584 ξ
485 3520 518 3570 48
531 3520 560 3571 in
571 3520 658 3573 vieleu
667 3521 733 3573 Ver-
783 3526 892 3590 palaest
913 3522 976 3586 (νεὶ,
993 3521 1088 3573 diceret
1103 3525 1152 3574 salli
1166 3522 1248 3575 uidem
1258 3523 1294 3575 X.

225 3587 377 3639 hiiltnisecn.
786 3591 839 3654 35),
848 3592 897 3640 und
911 3591 974 3640 nach
982 3589 1042 3642 Sinn
1051 3591 1101 3641 und
1111 3592 1294 3650 construction

260 3660 457 3706 consentaneum
469 3656 496 3705 iu
509 3657 555 3706 ‹ler
568 3655 698 3721 Orduuug.
786 3674 807 3708 s.
820 3675 844 3709 u.
860 3674 882 3708 a.
894 3662 947 3708 uisi
956 3659 1027 3724 forte
1039 3662 1189 3727 eestirpatu
1200 3665 1245 3710 eat.

259 3727 304 3772 aut
315 3739 333 3771 n
341 3739 378 3773 oe
389 3727 519 3790 attempero
530 3728 576 3775 aul
586 3731 731 3792 susceptam
819 3725 982 3792 eliquescine
994 3728 1057 3778 oder
1066 3728 1107 3777 dio
1118 3730 1220 3791 audere,
1230 3743 1295 3780 aeon·

226 3789 384 3856 deponere
397 3789 489 3854 (feben
501 3809 533 3842 zu
547 3792 657 3854 lassam:
680 3794 730 3844 wie
785 3794 872 3845 nullus
884 3812 912 3846 so
926 3797 1040 3847 manuhe.

226 3857 368 3909 ciueLest.
821 3863 887 3926 Quid
914 3866 984 3914 enim
1016 3866 1120 3914 interest
1151 3864 1294 3929 begriindet
