2766 4432
594 216 742 271 cremus.
1160 221 1201 283 23

131 390 182 442 no,
197 371 285 433 sociis
302 379 330 433 et
344 371 468 442 Latinis,
483 372 578 451 pridie
592 390 683 452 quam
700 372 827 433 excessit
842 393 858 433 e
873 371 948 433 vita:
964 379 999 433 ut
1014 392 1050 434 ex
1064 381 1125 436 tam
1140 375 1199 435 alto

132 457 282 534 dignitatis
296 458 389 535 gradu
404 459 439 518 ad
455 476 579 536 superos
595 458 731 519 videatur
745 458 816 518 deos
831 457 941 537 potius,
964 476 1053 536 quam
1070 459 1106 519 ad
1121 459 1200 520 iufe-

130 560 192 613 ros,
206 559 387 620 pervenisse.

216 626 263 686 lv.
281 627 384 706 Neque
399 627 480 686 eoim
489 626 637 687 assentior
652 626 698 699 iis,
715 626 765 705 qui
776 627 850 689 haec
860 644 956 706 nuper
969 627 1115 689 disserere
1128 647 1197 690 coe·
1221 642 1254 695 13

130 719 254 790 perurit:
268 731 336 772 cum
349 712 522 790 corporibus
535 711 623 772 simul
634 711 748 773 animos
761 712 890 782 interire,
903 720 991 791 atque
1004 714 1104 774 omnia
1115 732 1198 774 mor-

129 804 162 857 te
177 796 276 857 deleri.
292 797 363 857 Plus
379 797 456 875 apud
473 815 521 857 me
536 796 727 875 antiquorum
743 797 903 879 auctoritas
915 798 1005 858 valet:
1019 799 1064 858 vel
1076 807 1199 859 nostro-

129 900 198 941 rum
214 882 360 942 maiorum
377 881 428 960 qui
443 881 571 942 mortuis
586 889 648 943 tam
675 881 812 960 religiosa
831 883 896 943 iura
917 882 1095 955 tribuerunt,
1119 883 1200 963 quod

131 985 193 1026 non
208 967 351 1027 fecissent
365 966 498 1045 profecto
514 966 539 1027 si
554 966 627 1026 nihii
639 966 674 1026 ad
688 985 737 1027 eos
749 967 899 1045 pertinere
912 966 1143 1039 arbitrarentur3
1154 969 1200 1029 vel

130 1068 236 1112 eorum
249 1052 299 1131 qui
312 1051 344 1111 in
356 1051 410 1112 Irae
420 1058 499 1111 terra
511 1051 635 1113 fuerunt
646 1069 845 1131 magnamque
857 1052 1017 1120 Graeciam,
1031 1072 1106 1131 quae
1119 1071 1200 1115 nuno

130 1136 252 1215 quidem
267 1137 362 1197 deleta
377 1143 431 1206 est,
447 1144 520 1196 tunc
534 1136 666 1210 florebat,
680 1137 823 1197 institutis
837 1145 867 1198 et
878 1138 1042 1216 praeceptis
1054 1138 1116 1199 suis
1129 1156 1200 1199 eru·

130 1220 263 1292 dierunt3
285 1222 329 1281 vel
350 1222 414 1282 eius
436 1222 488 1301 qui
504 1220 649 1300 Apollinis
671 1223 789 1282 oraculo
805 1221 1043 1301 sapientissimus
1059 1232 1105 1284 est
1120 1222 1199 1284 iudi·

129 1313 224 1377 catus,
241 1306 291 1386 qui
307 1325 369 1366 nou
382 1313 446 1367 tum
458 1308 515 1367 hoc
525 1306 682 1379 rumillei,
700 1307 775 1367 utin
787 1306 946 1386 plerisque,
963 1308 1014 1368 sed
1027 1309 1106 1370 idem
1118 1327 1200 1369 sem·

129 1410 192 1470 per,
209 1391 326 1452 animos
342 1391 499 1452 hominum
515 1411 580 1452 esse
597 1392 721 1461 divinos,
742 1392 839 1470 iisque
856 1411 948 1472 quum
962 1412 998 1452 ex
1010 1412 1134 1472 corpore
1146 1412 1200 1454 ex·

130 1616 177 1650 our
195 1600 236 1651 die
256 1598 457 1661 (imminutor,
478 1599 519 1647 die
536 1597 637 1661 Gegoer
691 1603 754 1650 runt
769 1601 830 1663 quia
841 1599 1038 1648 arbitrabantur
1051 1576 1202 1664 eutsprieht·

129 1670 175 1718 des
193 1683 243 1718 voe
261 1668 345 1733 Scipio
363 1665 523 1731 hekiimpiter
540 1667 638 1717 Acher-
726 1667 836 1716 nihilad
842 1669 1022 1732 eospertc'nere
1031 1668 1090 1716 dass
1099 1668 1138 1716 sie
1145 1667 1198 1731 (die

129 1743 246 1798 gesetzes
262 1734 482 1793 desC.Gracchus‚
494 1734 637 1785 zumVolke
691 1734 931 1796 Rechte)dioselhen
943 1735 1197 1798 (dieVerstorbeneo)

130 1820 181 1853 von
193 1803 264 1866 liora,
276 1803 311 1853 im
324 1803 413 1852 stilles
424 1800 583 1865 Gegeosatze
592 1817 637 1864 ge·
691 1819 736 1866 gar
754 1803 824 1852 nieht
842 1803 986 1863 heriihrteo,
1003 1803 1139 1853 deoselben
1151 1818 1199 1866 gar

128 1886 178 1935 geu
191 1871 231 1920 die
241 1871 312 1937 plebs
325 1871 370 1920 der
382 1870 511 1932 Agrarier.
690 1871 761 1920 nicht
774 1887 805 1919 zu
818 1868 885 1920 Gute
897 1869 995 1919 remeo.
1013 1868 1083 1921 xlv.
1091 1872 1135 1920 50:
1148 1868 1200 1920 Sed

164 1929 241 2007 Μὰ,
258 1960 283 2006 ep
294 1954 403 2006 Latinis,
433 1955 635 2020 ppepunpesge,
690 1937 777 1988 eadem
794 1938 897 1987 bonitas
912 1936 1199 1989 etiamodmultituda'·

131 2040 224 2075 oosser
247 2026 297 2074 uod
319 2024 359 2074 die
384 2025 422 2074 als
445 2023 637 2075 bevorrechtete
691 2023 750 2056 mm
759 2009 878 2073 Pml'm’t·
935 2075 940 2087 ,

129 2093 354 2154 Bondesgeuossen
372 2091 510 2142 besouders
526 2107 638 2155 geearn-
718 2078 1021 2155 ,ΜΜΥΨῙΜΨΜΨ
1044 2074 1200 2124 Di⁸P¹¹⁰¹¹⁰·

129 2169 173 2212 ten
194 2160 299 2212 Latioer
323 2160 407 2210 hilder
429 2175 571 2210 zusammen
593 2160 637 2210 das
691 2143 906 2223 m3⁰⁸¹·{I‘IJ⁰⁶I¹V
924 2148 960 2191 ¹⁸2
976 2143 1031 2191 ¹¹¹⁰?
1047 2143 1098 2191 ΠΜ
1116 2143 1147 2192 V·
1169 2141 1199 2194 ¹8

131 2230 210 2280 aritae
229 2230 369 2280 unsletzte
383 2226 638 2278 srieuaeamm-
691 2220 738 2261 mlt
768 2224 877 2272 mosem
900 2208 1052 2259 Nuchdruck
1076 2226 1200 2291 yornnre·

131 2299 201 2362 luog.
692 2279 773 2328 stelle.
808 2278 925 2328 Dedereh
946 2278 991 2327 hat
1012 2294 1039 2327 es
1062 2281 1131 2328 urcht
1151 2279 1200 2327 tien

691 2348 827 2412 Hauptton,
845 2347 913 2396 wohl
925 2346 986 2395 eber
998 2346 1039 2396 die
1052 2347 1201 2410 Bedeutuug

694 2416 792 2464 ‘unsrer
804 2412 901 2477 cigneo'
917 2414 1040 2464 erhalten.

719 2485 833 2550 fuerunt
843 2483 937 2545 ‘gelebt
946 2481 1035 2531 habeu’
1042 2483 1081 2532 als
1089 2482 1203 2546 Fremde,

692 2551 726 2600 im
754 2548 914 2613 Gegeusatze
946 2564 1028 2613 gesen
1056 2555 1203 2601 arortrorum

692 2621 828 2669 maiorum.
861 2618 922 2668 Dies
943 2617 1004 2681 geht
1024 2617 1070 2667 auf
1089 2619 1130 2668 die
1147 2617 1200 2684 Py-

693 2687 830 2751 thagoreer
841 2687 904 2748 (seit
916 2685 978 2748 50⁰)
990 2685 1040 2734 unii
1051 2686 1106 2736 ihre
1116 2685 1200 2736 Lehre

694 2770 743 2804 von
757 2755 802 2804 der
813 2743 1028 2821 μετεμψὺχωσις.

728 2822 809 2872 deleta
826 2821 971 2872 veroichtet
986 2821 1030 2884 ist,
1049 2821 1119 2871 nieht
1130 2821 1201 2870 mehr

695 2891 811 2941 existirt.

729 2962 784 3009 eius
795 2959 841 3023 qui
850 2961 886 3007 est
898 2956 1034 3020 iudicatus,
1052 2959 1106 3022 qui:
1124 2973 1155 3007 zu
1166 2972 1202 3007 erc

694 3043 725 3077 ec
743 3029 850 3079 caritate
868 3029 985 3089 quaeest
1002 3027 1071 3074 inter
1085 3028 1161 3076 natea
1176 3028 1202 3074 et

691 3099 818 3164 parentes,
832 3109 896 3159 quae
909 3092 970 3144 VIII.
985 3093 1025 3142 27.

728 3165 757 3213 io
767 3163 892 3229 pleresque
903 3162 946 3211 hei
959 3161 1006 3211 deu
1020 3161 1127 3211 meister
1139 3161 1202 3210 Dir-

168 3283 211 3335 a.
246 3285 283 3334 a.
313 3286 375 3336 aa
398 3283 527 3337 iam
550 3284 641 3336 aa
695 3233 1157 3365 {repuerascere
1166 3244 1202 3347 a}

134 3352 438 3405 ‘Lflhfen’fflllesstellssss-
457 3354 518 3404 ⁰1⁰⁵
528 3351 644 3416 gehtffllf
695 3369 740 3418 das
757 3367 893 3417 Neutrum:
915 3365 965 3415 wie
985 3365 1016 3415 de
1032 3368 1123 3416 ceteris
1138 3364 1201 3415 Ceto

134 3421 177 3470 div
192 3421 338 3486 Epicureos.
695 3436 729 3487 or.
746 3435 764 3485 r.
784 3436 808 3497 a,
829 3436 857 3482 u
875 3436 963 3484 euro
980 3433 1029 3483 or.
1047 3433 1064 3482 1.
1080 3434 1121 3483 as.
1145 3432 1202 3493 iao,

168 3502 248 3552 deleri
258 3503 373 3567 auihiire,
387 3505 429 3553 eie
441 3502 511 3552 Eudo
523 3504 593 3552 habe.
695 3504 757 3554 orior
775 3503 891 3552 munibus
908 3501 980 3552 Lael.
993 3500 1046 3554 VII.
1060 3501 1101 3551 23.
1122 3500 1170 3551 eff.
1184 3498 1202 3550 I.

167 3573 305 3621 auctmtas
340 3572 384 3621 der
418 3572 555 3635 Vorgcng,
595 3572 641 3621 der
694 3569 991 3622 37.133.Liv.1.45.
1015 3572 1037 3629 1,
1060 3569 1128 3620 rer
1152 3569 1201 3619 uod

133 3638 239 3689 Glauoe.
694 3640 863 3689 auderwirts.
898 3637 976 3688 Sonst
995 3637 1158 3700 gewtholioh
1174 3639 1202 3686 in

166 3708 192 3754 ei
207 3708 398 3758 arbitraremur
413 3721 485 3757 werre
498 3709 537 3757 sie
550 3706 640 3769 glaub·
693 3708 820 3775 plerisque
830 3707 918 3769 rebus,
935 3707 986 3755 uod
999 3706 1072 3756 dieue
1084 3704 1204 3756 Bezeich·

132 3782 176 3824 ten
188 3796 205 3816 =
216 3775 338 3838 gesslaubt
354 3775 451 3825 hiitteo.
481 3776 530 3826 Das
548 3774 640 3840 huper-
695 3791 763 3838 rung
773 3775 839 3825 wird
848 3775 1019 3837 nothweodig,
1032 3788 1071 3823 wo
1082 3774 1123 3824 die
1134 3773 1205 3823 Neu-

131 3842 226 3894 fectum
235 3843 467 3907 vergegenwhrtigt
476 3845 521 3894 das
529 3843 640 3909 Factum,
694 3843 814 3894 traliorm
827 3843 984 3904 zweideutig
996 3841 1074 3891 wiire.

133 3911 216 3961 isdem
235 3927 263 3962 es
280 3912 334 3962 dem
352 3910 480 3976 positiven
498 3910 641 3977 quodfece-
728 3911 795 3962 idem
808 3926 909 3976 seraper
919 3911 955 3961 ist
967 3911 1011 3959 dar
1025 3909 1139 3974 positIve
1152 3906 1202 3958 Ge·

165 2383 226 2434 deos
247 2385 287 2433 ‘zu
307 2384 354 2432 deo
369 2381 487 2434 Giittern'
502 2382 539 2432 ist
556 2399 588 2432 zu
603 2380 640 2431 ad

130 2468 163 2502 su
211 2469 240 2502 os
264 2452 298 2515 (in
317 2454 364 2501 deo
383 2450 509 2514 Himmel),
531 2450 580 2500 wie
597 2450 638 2501 die

170 2519 324 2584 ortstelluog
333 2519 451 2580 beweist,
459 2519 499 2567 eiu
509 2518 639 2568 erkl'aireu-

133 2588 177 2638 der
188 2587 292 2649 Zusatz,
310 2589 365 2637 dem
383 2587 423 2637 hei
440 2585 476 2636 ad
489 2588 590 2652 inseror
603 2587 638 2649 (io

131 2655 175 2706 die
186 2656 339 2719 Ueterwelt)
356 2664 424 2706 etwa
436 2670 525 2704 muner
538 2655 639 2721 ‘ruder

132 2723 259 2774 Schetteo’
274 2723 438 2788 eutsprecheo
452 2724 546 2772 s'iirde.
571 2722 640 2772 Ahu·

132 2792 184 2841 lich
195 2790 316 2841 Catonem
327 2790 423 2841 induret
431 2807 515 2841 senem
523 2790 541 2840 I.
552 2791 576 2840 4.
589 2790 640 2840 Der

131 2860 210 2909 durch
232 2862 376 2926 pervenisse
399 2859 526 2923 gegebeoe
550 2858 644 2921 Begrih'

132 2929 177 2978 dos
191 2926 334 2990 Gelengens
346 2928 407 2978 oder
420 2926 569 2977 Erreicheos
582 2942 641 2977 ver-

75 3030 78 3035 ·
132 2996 221 3045 hiodet
242 2996 297 3045 sich
314 2996 437 3045 zuoiichst
453 2994 500 3045 mit
516 2994 551 3044 ud
566 3011 639 3063 aupe-

131 3079 190 3128 ros;
211 3063 247 3114 ad
266 3065 367 3129 insmos
389 3063 474 3113 wiirde
492 3071 580 3126 streog
597 3079 640 3128 ge-

132 3148 246 3183 nommeo
264 3132 305 3181 eiu
325 3132 434 3184 Verbum
454 3132 501 3180 wie
517 3131 641 3181 decidisse

133 3200 192 3250 Hor.
206 3200 234 3250 C.
246 3198 289 3251 IV.
303 3201 326 3249 7.
344 3201 374 3250 14
387 3201 533 3263 verlaogen.
