2766 4432
595 231 745 287 nannius.
1161 236 1202 298 53

133 390 172 450 do
188 398 268 450 esset
283 407 400 451 usurus.
425 389 487 450 Nec
501 406 572 450 vero
588 407 619 450 se
634 389 741 450 adduci
756 407 844 468 posse
860 395 894 450 ut
908 389 965 450 hoc
991 424 1033 433 -
1060 408 1151 470 quem
1167 390 1204 451 ad

135 475 256 536 modum
273 482 430 553 putaretur
444 509 487 517 -
501 494 518 535 a
533 474 637 536 Biante
652 474 764 535 dictum
782 493 845 534 esse
861 474 1003 546 crederet,
1018 475 1068 553 qni
1083 475 1202 554 sapiens

132 560 251 622 habitus
267 569 345 622 esset
359 578 438 621 unus
451 578 468 620 e
479 567 608 638 septem:
627 559 738 638 impuri
750 559 904 621 cuiusdam
916 565 967 619 aut
979 559 1136 632 ambitiosi,
1152 568 1203 621 aut

134 646 233 707 omnia
250 645 287 705 ad
304 663 388 706 suam
404 645 569 724 potentiam
584 644 751 706 revocantis
767 663 833 706 esse
848 643 1040 706 senteutiam.
1064 645 1202 717 Quonam

134 730 214 792 enim
233 732 324 793 modo
340 731 499 810 quisquam
515 729 627 790 amicus
642 747 707 790 esse
722 730 833 809 poterit
848 730 884 803 ei,
912 729 959 790 cui
975 747 1007 789 se
1021 729 1138 810 putabit
1152 731 1204 791 in-

132 813 254 878 imicum
270 835 335 878 esse
349 812 464 894 posse?
482 815 560 888 Quin
574 815 664 876 etiam
679 833 803 876 neccsse
820 815 877 875 erit
891 833 1000 894 cupere
1013 823 1041 875 et
1054 824 1159 894 optare
1170 822 1205 877 ut

133 921 222 982 quam
238 901 412 981 saepissime
426 908 529 978 peccet
539 901 661 970 amicus,
678 918 737 978 quo
748 902 849 978 plnres
861 900 912 961 det
923 899 979 961 sibi
991 905 1136 978 tanquam
1147 920 1203 962 an-

133 1006 182 1048 sas
197 986 233 1047 ad
253 985 692 1066 reprehendendum31ursum
708 994 809 1046 autem
825 993 907 1046 recte
920 984 1006 1046 lactis
1022 985 1205 1047 commodis·
1290 1000 1293 1005 ’

134 1091 193 1152 que
209 1071 371 1134 amicorum
388 1089 509 1132 necesse
526 1070 582 1130 orit
596 1069 664 1149 angi
680 1070 781 1130 dolere
791 1070 934 1131 invidere.
957 1070 1055 1142 Quare
1066 1071 1123 1132 hoc
1134 1070 1202 1152 qui·
1226 1093 1259 1146 60

134 1157 202 1218 dem
216 1165 421 1237 praeceptum,
433 1156 649 1235 cuiuscumque
661 1151 715 1226 est,
727 1156 764 1216 ad
775 1156 937 1216 tollendam
947 1154 1107 1217 amicitiam
1115 1157 1203 1217 valet.

134 1242 209 1303 Illud
227 1242 326 1322 potius
338 1240 579 1321 praecipiendum
595 1242 662 1315 luit,
677 1249 711 1301 ut
724 1258 789 1301 cam
801 1237 983 1319 diligentiam
997 1241 1205 1302 adhiberemus

133 1327 165 1389 iu
181 1327 320 1389 amicitiis
336 1326 552 1405 comparandis,
568 1334 602 1387 ut
617 1345 656 1387 nc
671 1326 790 1405 quando
805 1345 906 1387 amare
918 1326 1118 1404 inciperemus
1134 1345 1203 1388 eum

133 1431 223 1493 quem
238 1411 396 1492 aliquando
413 1411 512 1472 odisse
527 1430 695 1491 possemus.
718 1410 798 1483 Quin
824 1411 914 1471 etiam
941 1411 967 1471 si
987 1411 1088 1474 minus
1103 1412 1204 1474 felices

132 1500 164 1559 in
180 1498 336 1576 deligendo
353 1496 524 1567 fuissemus,
544 1496 702 1558 ferendum
719 1495 748 1556 id
765 1495 864 1575 Scipio
879 1496 979 1575 potius
995 1515 1084 1575 quam
1101 1496 1202 1557 inimi-

134 1583 271 1645 citiarum
286 1591 403 1660 tcmpus
418 1580 610 1659 cogitandum
626 1580 757 1661 putabat.

217 1667 302 1728 XVll.
326 1667 379 1727 His
394 1666 483 1745 igitur
498 1666 609 1727 linibus
624 1665 773 1727 utendum
789 1665 926 1735 arbitror,
942 1673 976 1726 ut
988 1684 1080 1745 quum
1097 1685 1202 1727 emen·
1223 1681 1255 1730 61

135 1752 196 1814 dati
207 1771 305 1815 mores
315 1752 477 1813 amicorum
486 1751 556 1823 sint,
581 1760 646 1812 tum
660 1751 698 1812 sit
716 1751 854 1811 intereos
866 1750 1003 1811 omnium
1016 1769 1118 1812 rerum
1131 1769 1205 1812 con-

135 1838 270 1899 siliorum
282 1837 466 1898 voluntatum
476 1837 541 1897 sine
550 1836 788 1916 ullaexceptiouc
799 1835 997 1897 communitas
1013 1855 1019 1896 :
1033 1845 1066 1897 ut
1077 1836 1168 1897 etiam
1180 1849 1205 1909 si

133 1995 180 2044 καὶ
192 1994 291 2061 aanor.
698 1989 765 2041 dicio
789 1987 854 2039 lecto
878 1987 1001 2059 descripto
1023 1990 1155 2056 diarutgao
1178 2000 1204 2057 p·

166 2061 220 2112 Nec
231 2076 290 2112 caro
313 2060 385 2111 Auch
409 2076 456 2124 gar
476 2061 554 2126 nicht,
577 2061 644 2112 auch
697 2058 769 2110 Sulla
782 2057 839 2108 XV.
854 2058 897 2122 44,
910 2059 973 2108 daec
982 2075 1081 2124 magara
1092 2061 1155 2110 daec
1165 2060 1205 2110 da·-

134 2130 247 2179 nimmer.
696 2130 756 2178 aina
779 2127 841 2177 tace
865 2128 1021 2191 serapium
1043 2132 1104 2178 runt
1125 2127 1202 2179 Tusa.

165 2195 378 2263 queamdmodum
396 2199 542 2263 putaretur,
566 2197 642 2249 utut
696 2194 715 2246 Ι.
729 2196 770 2245 27.
784 2195 825 2246 dt.
856 2192 1033 2259 Morkwiirdig
1053 2197 1090 2247 ist
1110 2196 1204 2247 india-

133 2283 149 2317 α
161 2267 255 2317 Biante
265 2263 371 2316 dietum.
391 2265 530 2332 syllepsis.
696 2279 740 2315 scr
749 2262 892 2325 Bcziehung
901 2262 1117 2315 derllomerischc
1128 2265 1204 2317 Vors.

165 2335 269 2384 daddus
303 2336 368 2383 asset
383 2334 556 2397 :laboratam
591 2333 642 2384 wie
696 2333 723 2383 in
736 2331 858 2381 walaham
867 2328 982 2381 Priamus
992 2333 1039 2383 mit
1048 2333 1138 2383 immor
1147 2333 1205 2383 vol-

41 2383 45 2390 ¹
131 2401 176 2454 lX.
189 2402 222 2452 32
234 2404 572 2468 appetiverunhappetwrt.
696 2401 775 2450 leram
788 2398 880 2449 Mundo
906 2399 950 2449 das
965 2400 1047 2451 Gliick
1071 2402 1116 2452 des
1137 2402 1205 2463 Aga-

166 2473 265 2537 a'mpuri
276 2468 412 2529 cuiusdam
424 2471 499 2533 (ganz
511 2469 640 2535 unlauter)
695 2483 810 2518 memnon
822 2466 916 2531 preist:
939 2461 960 2517 ὦ
972 2464 1065 2540 μάκαρ
1078 2464 1202 2539 Ἀτρείδη,

132 2543 178 2589 aut
201 2539 330 2588 eruditiori
351 2539 422 2588 steht
441 2536 488 2586 aul
500 2539 546 2588 der
557 2539 642 2602 einen,
694 2536 862 2606 μοιρηγενές,
876 2528 1064 2605 ὀλβιόδαιμον.

132 2607 253 2669 autloder
265 2607 430 2669 wenigstenst
443 2609 529 2656 mnia
541 2605 587 2656 aul
596 2607 642 2657 dar·
729 2606 770 2656 60.
790 2602 862 2652 valet.
894 2601 948 2654 Fiir
964 2605 1049 2655 dieses
1071 2603 1157 2654 valera
1169 2604 1206 2654 ad

131 2675 227 2725 anderu
250 2674 334 2736 Seitc;
354 2675 495 2741 potentiam
517 2674 585 2725 lisst
608 2690 641 2725 aa
695 2679 783 2723 sctzen
795 2671 837 2720 die
849 2669 969 2722 Nouercn
981 2689 1043 2736 geru
1058 2673 1144 2724 calare
1155 2673 1205 2723 nait

131 2743 381 2794 einenStaatsmnun
394 2742 499 2805 deuken,
523 2757 641 2795 revocare
694 2741 750 2791 dem
773 2737 902 2803 lnlinitiv‚
936 2755 990 2792 was
1014 2741 1130 2808 poetisch
1153 2741 1204 2791 und

130 2833 148 2854 =
158 2813 259 2877 referre
270 2809 315 2860 ΙΧ.
328 2810 369 2861 32.
694 2807 887 2860 nuchelassiscli
901 2806 944 2858 ist.

165 2895 264 2928 measse
280 2881 333 2928 erit
346 2893 373 2928 es
390 2878 495 2928 ‘wiirde'
509 2879 641 2929 nothwen-
726 2874 932 2944 maecipiendum
962 2878 1039 2943 fuit:
1068 2877 1137 2926 wohl
1171 2893 1203 2925 zu

133 2947 176 3010 dig
190 2947 260 2997 sein:
273 2945 303 2997 V.
320 2947 359 2998 18.
693 2944 892 2995 unterscheiden
916 2960 967 2995 von
994 2943 1205 3015 praecipiendum

130 3015 639 3146 unguiiffiriieiiiimViiiaiangaetrirlliriied
693 3011 875 3147 Μουχοῌοοὲἒοο
883 3080 1139 3158 unterschaldctsich
1147 3082 1206 3131 hier

132 3151 179 3201 den
210 3151 378 3214 (iiterlegten,
406 3151 639 3215 wohlerwogeuon)
693 3147 1082 3218 niehtwcscutlrchvonparara
1094 3149 1153 3202 XV.
1162 3151 1203 3200 55.

132 3218 248 3270 Wunsclr
259 3221 347 3283 hegen.
727 3215 807 3268 XVll.
837 3218 878 3269 61.
919 3218 1049 3271 medati
1070 3218 1206 3283 makcllos,

164 3291 287 3352 tauquam
308 3303 387 3337 ansas
409 3285 445 3337 ad
458 3285 640 3354 reprehendera-
693 3284 861 3337 nntadellmlt.

131 3354 195 3406 dum
207 3354 408 3420 Anhultepnncte
432 3356 475 3405 ilm
499 3371 530 3404 zu
554 3353 640 3407 lasscn
724 3357 783 3408 ,sine
798 3353 853 3404 nlla
869 3360 1017 3424 eaeccpta'ono
1032 3357 1202 3405 communitas

132 3423 214 3486 (nieht
226 3424 267 3472 ‘zu
278 3421 381 3488 tadeln’,
395 3423 513 3486 obgleicla
530 3423 584 3474 dics
596 3439 640 3487 gc·
693 3423 784 3474 wicta
795 3425 866 3472 oanni
878 3427 1051 3476 resederim:
1064 3438 1096 3471 zu
1108 3421 1149 3473 Vl.
1160 3423 1202 3473 20.

132 3481 277 3548 meintistl.
728 3496 759 3542 ut
779 3494 855 3541 aliam
875 3494 900 3542 si
925 3492 985 3544 ‘wie
1006 3494 1070 3542 donn
1083 3490 1203 3540 solhstin

164 3562 230 3624 arogi
249 3557 333 3608 dokra
348 3558 470 3610 inuidere.
501 3558 640 3610 Mansieht
694 3558 750 3609 dam
763 3557 924 3611 Falledass’.
955 3559 1112 3611 Consecutiv
1135 3558 1203 3609 kann

131 3626 181 3676 wia
205 3627 323 3688 dadnrch‚
348 3627 407 3676 dass
425 3626 499 3691 jedes
520 3625 640 3691 fulgenda
695 3628 779 3679 dieses
791 3631 821 3677 ut
832 3628 979 3691 unmoglich
991 3628 1058 3680 selu:
1080 3627 1205 3677 nichtso-

133 3693 212 3746 Wort
232 3710 273 3744 una
295 3695 436 3761 eine§illte
458 3696 564 3760 wiichst,
597 3695 639 3746 die
694 3696 763 3745 wohl
774 3710 861 3758 wagan
873 3696 917 3746 dos
928 3693 1205 3748 Indicativsdecla'nan·

130 3762 200 3813 lleda
213 3762 269 3814 sich
280 3763 347 3813 heht.
360 3762 641 3829 Ahnlichvetttcnput-
694 3762 757 3814 dnm
780 3767 821 3814 est
843 3764 920 3827 (donn
934 3765 1020 3815 dieser
1042 3763 1137 3813 ldnnte
1161 3760 1208 3813 nul

130 3835 174 3882 rat
196 3829 326 3882 desiderat
354 3829 449 3882 XXlV.
475 3831 515 3896 88,
550 3833 642 3898 iurgia
695 3833 767 3882 einer
791 3831 967 3884 Anakoluthis
991 3832 1128 3895 harunce),
1163 3830 1205 3880 als

131 3897 267 3950 maddieta
278 3897 449 3957 contuendae
460 3897 532 3950 xxi.
546 3901 586 3965 ts,
600 3903 642 3950 in-
696 3899 823 3951 vlelmehr
832 3915 922 3965 wogeu
936 3901 979 3952 des
993 3901 1206 3960 sichdanuerge-
