2766 4432
594 251 744 304 murus.
1156 255 1196 316 25

130 408 219 478 idem,
236 408 319 487 quasi
335 415 423 468 natus
438 424 501 468 non
517 415 595 468 esset
608 405 746 468 omnino:
760 424 848 486 quem
861 414 964 468 tamen
975 427 1040 469 esse
1052 415 1156 469 natum
1169 416 1200 469 et
1330 469 1333 473 ,

130 511 187 554 nos
201 491 374 578 gaudemus,
391 500 421 553 et
435 492 509 552 haec
523 491 625 553 civitas
638 493 710 553 dum
723 491 779 553 erit
788 492 955 554 laetabitur.
971 493 1066 566 Quam
1080 494 1117 555 ob
1133 512 1198 555 rem
1217 508 1249 559 15

131 596 198 639 cum
216 578 264 637 illo
281 578 411 657 quidem,
426 585 461 638 ut
480 596 567 656 supra
589 577 658 650 dixi,
681 585 780 639 actum
801 577 913 655 optime
934 586 994 638 est:
1015 597 1134 640 mecum
1148 579 1196 639 in-

132 663 329 734 commodius,
346 681 435 742 quem
451 662 547 722 iuerat
562 661 695 741 aequius,
713 670 746 723 ut
760 662 842 740 prius
857 662 1043 731 introieram,
1058 663 1101 724 sic
1115 663 1198 743 prius

132 747 211 808 exire
228 749 264 809 de
280 748 348 808 vita.
365 748 424 809 Sed
435 753 537 807 tamen
548 747 755 808 recordatione
767 755 886 809 nostrae
898 748 1042 810 amicitiae
1050 749 1093 810 sic
1103 748 1198 821 fruor,

131 841 166 894 ut
179 832 264 894 beate
280 833 386 893 vixisse
400 832 499 895 videar
514 831 662 912 quiscum
676 832 816 910 Scipione
828 833 965 894 vixerim:
982 852 1112 913 quocum
1124 832 1199 894 mihi

131 918 290 978 coniuncta
303 936 372 979 cura
386 917 422 977 de
433 916 549 996 publica
561 934 594 977 re
607 926 636 977 et
648 918 683 978 de
692 916 804 996 privata
815 917 887 992 fuit3
909 937 1037 997 quocum
1050 927 1080 979 et
1091 920 1198 980 domus

130 1003 187 1063 fuit
203 1011 232 1063 et
247 1003 351 1063 militia
363 1002 542 1072 communis,
558 1008 588 1061 et
596 1002 625 1061 id
638 1001 669 1063 in
681 1021 740 1082 quo
753 1010 799 1062 est
810 1004 908 1064 omnis
920 1004 963 1064 vis
974 1003 1128 1076 amicitiae,
1142 1023 1199 1064 vo-

130 1087 280 1148 luntatum
296 1086 463 1148 studiorum
478 1087 694 1149 sententiarum
706 1106 822 1148 summa
835 1089 1005 1149 consensio.
1022 1089 1125 1167 ltaque
1136 1106 1199 1149 non

129 1180 192 1233 tam
209 1172 264 1234 ista
279 1191 327 1233 me
342 1173 515 1251 sapientiae,
531 1190 622 1251 quam
639 1172 727 1232 medo
740 1173 874 1234 Fannius
886 1173 1139 1243 commemoravit,
1154 1173 1168 1232 f
1183 1207 1199 1218 -

132 1276 179 1317 ma
195 1258 330 1330 delectat,
346 1258 417 1319 falsa
433 1257 618 1336 praesertim,
634 1276 723 1336 quam
740 1259 820 1336 quod
835 1259 980 1320 amicitiae
998 1267 1118 1321 nostrae
1134 1277 1199 1319 me·-

130 1342 258 1405 moriam
273 1361 360 1422 spero
375 1343 588 1422 sempiternam
603 1343 682 1402 fore:
699 1342 788 1420 idque
804 1362 839 1403 eo
855 1344 928 1404 mihi
943 1344 1035 1423 magis
1047 1351 1092 1405 est
1107 1344 1199 1415 cordi,

132 1428 211 1507 quod
227 1447 263 1488 ex
278 1428 415 1488 omnibus
432 1428 556 1499 saeculis
572 1427 619 1486 vix
633 1428 690 1488 tria
704 1435 756 1487 aut
776 1435 916 1507 quattuor
937 1431 1133 1490 nominantur
1145 1447 1200 1508 pa-

131 1513 175 1574 ria
190 1513 362 1585 amicorum,
378 1532 437 1592 quo
457 1513 488 1573 iu
503 1530 613 1591 genere
634 1530 753 1591 sperare
774 1513 876 1574 videor
898 1515 1045 1594 Scipionis
1064 1522 1095 1574 et
1109 1513 1199 1574 Laelii
1261 1541 1264 1547 ¹

133 1810 240 1860 sonders
252 1808 338 1874 hhulig
351 1809 391 1859 ein
404 1808 564 1859 concessivae
577 1809 641 1861 Ver-

132 1877 243 1928 hiiltniss
255 1879 375 1942 gegeben.

166 1947 242 2011 quasi
261 1949 339 1995 netes
359 1960 408 1995 non
423 1949 495 1995 essct.
528 1945 563 1996 lls
580 1945 640 1996 tritt

134 2014 252 2064 derselhe
261 2013 318 2064 Fall
331 2013 372 2064 ein
385 2013 454 2064 nicht
467 2015 505 2063 als
515 2013 546 2062 oh
557 2010 639 2076 ‘mun’,

134 2082 244 2132 eundern
265 2082 304 2132 uls
325 2081 356 2132 oh
374 2081 420 2131 ‘er'
442 2082 511 2132 nieht
527 2081 638 2145 gehoren

133 2150 211 2200 wiirc.
246 2150 299 2200 Ans
329 2150 384 2199 dem
408 2148 541 2212 folgenden
565 2164 639 2215 quma

131 2217 197 2268 ldsst
219 2218 274 2268 sich
297 2218 355 2268 hein
378 2217 454 2268 Pron,
478 2218 637 2268 indefinitum

135 2286 293 2336 cntuehmen.

167 2359 191 2404 et
202 2369 248 2405 nes
260 2355 316 2419 (qui
326 2354 426 2413 sumus)
438 2354 480 2404 hat
489 2353 577 2404 sciueu
589 2352 640 2404 Ge-

133 2430 238 2486 geusatz
257 2421 449 2488 heuptsichlich
470 2439 518 2472 nur
534 2423 561 2472 in
577 2421 639 2473 dum

132 2494 191 2542 erit.

166 2559 305 2609 racemum
321 2558 390 2607 mehr
399 2557 439 2608 als
448 2556 570 2623 gaudere,
589 2559 639 2609 und

133 2627 203 2677 nicht
215 2625 271 2677 viel
282 2626 396 2688 weniger
408 2626 447 2675 als
459 2623 614 2678 frohlockeu.

170 2696 209 2747 15.
221 2695 317 2760 fueret
327 2715 344 2735 =
355 2698 420 2753 erut,
437 2692 520 2744 woiiir
535 2695 587 2746 wir
598 2712 640 2748 sa·

133 2777 179 2826 gen
199 2768 325 2826 ‘genesen
344 2759 434 2812 witre':
454 2764 542 2826 feisse
558 2764 640 2815 hcisst

134 2832 241 2882 udmlich
262 2830 332 2880 nieht
353 2830 422 2880 hloss
439 2846 556 2894 gewescu
575 2833 639 2898 sein,

135 2900 244 2949 eundern
270 2896 308 2948 cit
330 2901 394 2949 auch
417 2901 553 2962 gewordeu
577 2901 638 2964 sein,

132 2969 184 3017 und
199 2966 260 3017 111111
276 2966 340 3015 deun
354 2967 446 3017 ehenso
464 2967 511 3018 mit
528 2984 583 3018 esse
594 2985 639 3018 zu-

133 3051 252 3098 sammen,
268 3035 319 3084 wie
338 3035 490 3103 πεφυκέναι
502 3036 549 3085 mit
561 3034 638 3099 εἶναι,

132 3106 274 3169 βεβηκέναι
291 3102 357 3167 (sich
373 3102 534 3167 aulgemacht
547 3105 638 3167 haben)

133 3173 305 3236 mittholoico,
323 3173 471 3237 appetivisse
489 3172 554 3231 (sein
572 3174 637 3224 Ver·

133 3240 224 3304 langen
243 3239 288 3288 auf
303 3247 385 3290 etwas
401 3239 529 3302 gerichtet
544 3241 638 3290 haben:

28 3376 31 3381 Ι
133 3306 178 3357 ΙΧ.
192 3307 234 3368 32)
247 3307 295 3356 ruit
306 3311 430 3373 appetere.

167 3377 266 3424 trimisse
277 3373 545 3440 videarhlliteratiom
555 3375 640 3427 culleos

134 3448 156 3492 's.
170 3458 195 3491 v.
208 3457 231 3491 s.
244 3444 311 3491 mihi
320 3442 415 3493 videor.

168 3526 227 3560 cum
238 3508 393 3576 Scipione.
412 3510 489 3562 Nicht
499 3510 640 3576 dieaeqoa-

131 3577 191 3628 lites
200 3582 348 3645 temporem
356 3578 391 3628 ist
399 3578 518 3641 gemeint,
531 3581 639 3631 sonderu

133 3645 175 3695 die
196 3649 336 3696 coniunctio
358 3649 434 3695 vitae:
458 3647 510 3710 vgl.
531 3663 640 3711 quocum

133 3716 235 3763 meret
254 3713 273 3763 l.
295 3715 319 3763 2.
357 3713 407 3763 Der
431 3714 501 3776 Conj.
526 3717 639 3766 uicerim

133 3782 207 3831 stellt
223 3781 263 3831 die
275 3781 355 3831 Sache
372 3782 399 3831 in
412 3781 458 3831 der
470 3783 638 3848 Vorstellung

132 3849 177 3898 des
197 3848 285 3900 Liilius
307 3865 356 3899 vor
376 3852 479 3913 Augen,
500 3852 551 3900 und
572 3852 638 3902 ksnn

132 3917 213 3967 durch
233 3917 275 3967 ein
292 3918 505 3981 eingeschsltetos
523 3918 580 3969 ‘wie
596 3921 639 3971 ich

696 1808 747 1858 mir
770 1809 838 1872 sage’
863 1808 986 1858 erl’eutert
1009 1810 1124 1859 werden:
1147 1811 1200 1872 vgl.

694 1875 761 1995 plato?
782 1892 913 1942 nunqnam
935 1879 1059 1927 senserim
1081 1877 1144 1927 Cato
1165 1876 1200 1929 M.

728 2017 753 2062 et
768 2012 861 2062 domus
870 2016 896 2062 et
907 2012 1001 2062 militia
1012 2013 1062 2063 wie
1074 2018 1100 2063 et
1110 2013 1203 2063 Philus
1306 2012 1309 2017 ’

693 2084 718 2130 et
729 2080 855 2131 Manilius
869 2080 885 2145 ᾗ
901 2081 938 2134 14.
968 2082 1053 2131 Durch
1069 2082 1110 2131 die
1122 2081 1203 2132 'l'ren-

695 2165 764 2212 nung
780 2150 825 2199 des
837 2150 893 2213 fuit
904 2151 1047 2198 emerendis
1058 2149 1126 2205 wird
1138 2149 1201 2200 uber

695 2218 766 2267 nicht
784 2233 830 2267 nur
847 2217 888 2266 die
907 2217 1133 2268 Verschiedenhcit
1149 2233 1200 2268 von

694 2284 784 2336 domus
795 2287 846 2334 und
858 2286 952 2336 militia
963 2283 1071 2348 liihlbar,
1091 2286 1199 2336 sondcrn

694 2356 758 2404 euch
768 2353 809 2404 ein
818 2355 935 2404 {iusseres
941 2353 1079 2404 Ebeumass
1089 2354 1199 2404 hewirht

694 2421 821 2473 zwischeu
845 2422 944 2472 domus'
956 2423 1014 2485 fuit
1034 2423 1084 2471 und
1104 2421 1199 2472 midiae

693 2489 1202 2675 {uttantiltttttitttttt:

694 2642 780 2677 cern.

727 2695 756 2745 id
770 2697 798 2743 in
813 2709 860 2760 quo
877 2695 928 2744 wie
945 2696 1008 2745 uach
1020 2693 1111 2759 Zumpt
1121 2692 1138 2758 ξ
1150 2694 1200 2745 371

694 2763 723 2814 id
733 2762 806 2828 quod.
831 2762 931 2812 Eheuse
944 2761 971 2811 id
981 2762 1012 2813 de
1023 2778 1070 2827 quo
1081 2762 1113 2814 N.
1126 2762 1156 2812 D.
1168 2759 1198 2812 ll.

694 2828 1055 2884 46.118‚Liv.xxt.1o.e.
1140 2847 1143 2852 ·

728 2901 812 2950 circuis
824 2903 870 2949 eis.
890 2898 952 2948 Sull.
963 2899 1018 2950 Cat.
1026 2897 1090 2949 XX.
1100 2898 1127 2946 4:
1139 2913 1202 2946 nam

694 2967 761 3018 idem
778 2967 839 3018 velle
854 2971 930 3031 atque
943 2966 1010 3017 idem
1021 2965 1094 3029 nolle,
1111 2981 1142 3014 ea
1154 2964 1200 3015 de-

692 3053 765 3086 mum
777 3036 855 3101 sirena
867 3037 986 3085 amicitia
997 3039 1040 3084 est.

725 3119 799 3172 spero
810 3104 893 3154 huffen
906 3102 970 3153 dari,
1000 3103 1033 3152 So
1047 3101 1202 3151 numentlieh

693 3173 789 3236 (gleich
810 3172 931 3234 nechher)
953 3172 980 3221 in
997 3172 1042 3220 der
1058 3169 1200 3234 gangberen

694 3240 860 3303 Verbindung
872 3254 974 3306 sperare
985 3238 1078 3289 uideor.

728 3311 780 3358 tria
800 3313 846 3357 eut
862 3311 992 3372 queduor:
1017 3307 1131 3357 Theseus
1148 3305 1199 3354 und

694 3377 843 3440 Pirithous,
872 3375 977 3427 Orestes
1006 3376 1056 3425 und
1080 3373 1198 3441 Pylades,

695 3444 812 3495 Achilles
824 3444 874 3494 und
888 3444 1028 3505 Patroclus,
1042 3459 1074 3491 zu
1086 3442 1200 3492 welchen

694 3528 740 3563 aus
758 3513 803 3562 der
818 3512 989 3563 historischen
1002 3510 1064 3561 Zeit
1075 3511 1137 3560 noch
1150 3510 1201 3560 lla·

694 3597 750 3630 mon
763 3581 814 3630 und
826 3580 941 3631 Phintias
953 3579 1154 3630 hinzulrommeu.

727 3664 775 3713 que
794 3651 821 3697 ic
839 3664 933 3713 gerere
955 3649 1013 3710 (und
1035 3647 1165 3709 darunter)
1179 3675 1200 3684 -

685 3719 758 3784 fore.
798 3716 973 3767 Bestimmtere
999 3715 1203 3777 Wiederhelnug

693 3787 738 3835 des
763 3784 1007 3849 Hauptgedunkens‚
1035 3782 1077 3833 iiir
1105 3782 1200 3833 welche
1270 3798 1274 3803 ’

693 3868 749 3902 man
774 3853 821 3902 deu
838 3853 924 3904 Grund
945 3852 1059 3915 weniger
1080 3852 1106 3900 in
1129 3850 1200 3900 einer

693 3921 843 3983 L'dssigheit
866 3922 910 3972 des
936 3920 1083 3981 Redendeu‚
1111 3917 1150 3967 als
1174 3916 1200 3965 in
