2766 4432
585 230 734 285 nardius.
945 297 949 302 ,
1146 234 1187 296 or

129 407 213 450 casus
234 387 361 468 experiri
381 388 467 467 cogit.
491 429 493 433 ψ
512 387 656 460 Quocirca
669 420 712 431 --
727 388 885 450 dioendum
910 396 955 451 est
975 389 1055 452 enim
1078 391 1195 471 saepius
1214 400 1246 451 85

129 509 171 520 -
194 493 287 553 quum
310 473 448 535 iudicaris
469 473 589 552 diligere
611 481 745 552 oportet·
762 490 824 535 non
845 490 940 555 quum
961 475 1097 538 dilexeris
1117 478 1196 541 Iudi·

131 579 210 621 oare.
257 559 315 620 Sed
335 578 430 638 quum
450 559 555 620 multis
573 558 606 618 in
626 556 718 620 rebus
740 559 917 638 negligentia
938 562 1107 640 pleotimur‚
1130 571 1195 626 tum

130 643 258 707 maxime
272 644 304 705 in
320 644 421 705 amieis
442 652 472 704 et
487 643 645 722 diligendis
667 652 698 704 et
712 645 858 706 oolandIs:
901 649 1099 726 praeposteris
1116 649 1196 710 enim

130 730 242 792 utimur
257 730 387 791 consiliis
402 739 432 791 et
447 738 511 791 aota
526 730 651 808 agimus,
666 730 746 808 quod
761 738 896 792 vetamur
910 739 1011 793 vetere
1026 734 1193 813 proverbio.

130 816 204 876 Nam
219 815 359 894 Implioati
373 816 451 876 ultro
467 822 497 876 et
511 814 585 876 citro
600 815 646 875 ael
667 832 725 876 usu
741 814 882 876 diuturno
902 818 949 878 rel
970 818 1059 879 etiam
1082 819 1196 892 officiis,

130 909 255 979 repente
269 901 302 961 in
317 900 414 962 medio
437 919 528 962 eursu
542 899 688 962 amicitias
702 907 804 962 exorta
820 902 923 981 ‘aliqua
945 904 1111 966 offensione
1132 904 1197 966 dis-

132 1004 310 1065 rumpimus.
1188 1012 1191 1016 ·

217 1070 320 1131 XXIII.
342 1070 407 1142 Quo
424 1069 512 1130 etiam
527 1070 827 1150 magloritaperanda
837 1080 885 1132 est
895 1072 940 1133 rei
952 1073 1078 1134 maxime
1091 1090 1197 1154 neees—
1216 1079 1249 1130 86

132 1155 227 1217 sariae
241 1163 324 1218 tanta
339 1156 462 1217 incuria.
499 1155 563 1217 Una
578 1164 625 1216 est
638 1157 719 1216 enim
742 1155 870 1217 amicitia
885 1157 916 1217 in
937 1159 1028 1220 rebus
1048 1160 1198 1233 humanis,

133 1242 170 1302 de
185 1242 268 1302 ouius
284 1241 408 1302 utilitate
423 1259 529 1302 ornnes
544 1257 603 1301 uno
618 1259 670 1302 ore
682 1240 893 1302 consentiunt:
910 1260 1080 1324 quanquam
1092 1262 1108 1306 a
1120 1245 1199 1305 mul-

133 1328 171 1388 tis
186 1326 279 1388 virtus
292 1327 357 1406 ipsa
371 1327 583 1398 contemnitur,
607 1335 637 1387 et
650 1327 814 1388 venditatio
829 1328 975 1407 quaedam
989 1338 1081 1410 atque
1095 1340 1198 1391 osten-

133 1411 206 1474 tatio
221 1431 287 1474 assa
299 1412 416 1473 dieitur.
432 1411 517 1472 Multi
531 1412 649 1472 diuitias
663 1413 840 1492 despiciunt,
864 1423 939 1492 quos
959 1429 1053 1495 parvo
1071 1423 1199 1476 eonten-

133 1505 182 1558 tos
196 1497 295 1560 tenuis
309 1496 403 1558 uictus
415 1498 573 1577 cultusque
583 1498 724 1570 delectam
739 1499 869 1559 honores
880 1500 959 1573 vero,
976 1517 1104 1578 quorum
1116 1500 1200 1580 cupi·

134 1583 225 1644 ditate
237 1583 357 1662 quidam
369 1583 603 1654 inflammantur,
616 1600 706 1662 quam
718 1585 804 1644 multi
816 1584 1071 1660 itaoontemnunt,
1083 1593 1117 1647 ut
1128 1587 1202 1646 nihil
1233 1608 1235 1615 ·

134 1667 252 1731 inanius
265 1668 338 1728 nihil
349 1687 414 1729 esse
424 1667 517 1728 levius
527 1665 718 1729 existimanti
733 1670 866 1748 itemque
879 1677 975 1732 cetera
988 1689 1064 1751 quae
1076 1672 1201 1751 quihus-

136 1752 203 1815 dam
218 1753 399 1815 admirabilia
418 1752 556 1814 videntur
570 1754 712 1832 permulti
733 1762 806 1815 sunt
821 1754 872 1834 qui
891 1770 946 1834 pro
968 1755 1060 1817 nihilo
1081 1760 1204 1836 putent:

136 1839 173 1900 de
188 1838 315 1900 amicitia
330 1855 436 1899 omnes
450 1838 487 1899 ad
501 1857 596 1900 unum
611 1839 691 1900 idem
706 1839 898 1912 sentiuntet
912 1840 933 1901 ii
948 1841 999 1920 qui
1014 1842 1050 1903 ad
1064 1860 1129 1902 rem
1145 1858 1202 1922 pu·

136 1924 243 1986 blicam
255 1943 286 1985 sa
298 1925 500 1996 contulerunt,
513 1933 545 1985 et
556 1925 641 2005 iiqui
650 1941 753 1986 rarum
763 1925 935 2005 eognitione
945 1926 1138 2007 doctrinaque
1148 1923 1203 1987 de-

138 2133 250 2184 uertisse.
496 2125 500 2135 ‘
697 2149 725 2183 so
739 2134 809 2187 mehr
821 2133 896 2184 noch:
910 2135 951 2187 bai
963 2151 991 2186 so
1004 2136 1136 2201 traurigen
1147 2135 1205 2188 Fol-

139 2200 337 2318 dqaappairqldisa
344 2199 643 2319 {allahruplganmaoham
696 2200 857 2320 ‘eadwigi
869 2201 900 2252 85
923 2203 1036 2255 namhal't
1057 2197 1204 2267 gementes

157 2284 281 2319 ..ure
335 2284 430 2320 caen
477 2285 643 2321 uzuwor-
697 2286 729 2320 aaa
757 2286 864 2334 qgea¹

139 2338 201 2387 don:
232 2335 323 2403 ‘apelia
343 2335 374 2388 δέ
392 2353 421 2389 τε
445 2287 541 2403 eologius
560 2338 644 2406 ἔγνω]
726 2287 773 2388 {aa
801 2341 920 2389 manime
952 2342 1109 2391 neeessam'oe
1142 2341 1206 2390 ‘hin-

139 2405 168 2456 Il.
180 2354 260 2459 xvll.
274 2406 313 2455 32.
326 2406 393 2467 (Has.
405 2406 451 2470 0p.
464 2407 513 2458 218
525 2399 645 2470 παθών.)
699 2406 819 2456 siohtlioh
840 2408 911 2458 eines
932 2422 960 2456 so
981 2409 1205 2458 unentbahrliehen

174 2475 216 2525 85.
229 2474 645 2539 diligerewiaXXVII.10Il.Ilass
698 2471 894 2538 andnumans,
935 2476 983 2526 dax·
1021 2474 1207 2527 Freuudsohalt

142 2559 170 2594 es
186 2543 243 2593 hier
259 2543 331 2592 nicht
342 2542 535 2595 simverwmdt
553 2544 589 2594 ist
600 2544 646 2593 mit
698 2543 818 2593 ntnlieh.

140 2611 219 2661 colere
244 2609 364 2674 (diligere
386 2615 410 2662 et
431 2627 522 2663 aarum
545 2613 646 2676 daim,
730 2624 880 2676 quanquam
898 2608 1061 2674 eorrIgiraad
1076 2612 1103 2661 in
1122 2612 1208 2663 Benla-

141 2680 273 2730 odservore
288 2682 315 2728 et
331 2677 446 2744 filmera,
461 2681 542 2733 eolera
553 2684 575 2730 et
587 2679 645 2730 dili·
699 2681 768 2742 hung
778 2679 824 2728 aul
838 2694 926 2729 omnes
937 2694 988 2730 uno
1002 2694 1055 2730 ore.
1079 2680 1116 2729 Da
1130 2685 1208 2744 sogor

139 2750 221 2812 gara),
237 2747 338 2810 ergieht
351 2749 407 2799 sich
417 2750 482 2800 anuh
493 2765 538 2799 aus
550 2753 576 2800 at
587 2747 647 2798 dili·
700 2747 753 2798 die·
765 2746 879 2811 'I'ugsnd
902 2748 1000 2798 woloha
1025 2748 1071 2797 daa
1094 2748 1132 2798 AI
1140 2750 1208 2799 Ier-

140 2815 234 2881 geoda'a
245 2819 269 2865 et
280 2815 401 2875 colendis:
419 2818 485 2868 dena
497 2813 577 2868 daroh
587 2821 613 2866 at
624 2845 647 2855 -
699 2816 804 2867 hdehsto
816 2817 851 2866 iat
862 2814 977 2880 (XXVII.
991 2817 1038 2866 104
1049 2831 1072 2865 a.
1086 2816 1136 2880 n),
1151 2817 1208 2866 ihre

142 2889 167 2935 el
189 2885 292 2934 werden
314 2885 376 2934 aban
398 2886 581 2937 varsahiadoua
598 2884 646 2934 aa·
700 2884 844 2936 Variichter
852 2884 909 2934 hat:
923 2899 952 2932 so
962 2884 1041 2934 findat
1053 2884 1115 2948 sich,
1130 2886 1209 2935 meint

144 2953 219 3019 griffo
242 2952 389 3004 verbunden
413 2955 463 3003 aad
486 2952 532 3004 aul
550 2953 648 3015 glaieho
701 2952 802 3016 hilline,
821 2967 861 3002 am
877 2951 949 3002 Euda
967 2952 1034 3001 wohl
1050 2954 1114 3003 aueh
1129 2950 1209 3002 Einor
1235 2999 1241 3006 .

144 3022 344 3088 Liniagestellt.
372 3078 375 3084 ,
703 3019 936 3071 odardus-Andura
951 3021 1065 3071 welehor·
1082 3021 1145 3070 iiler
1162 3022 1209 3070 don

178 3098 235 3143 aeto
251 3106 329 3156 agera
346 3089 394 3153 aig.
413 3091 476 3139 naoh
487 3089 649 3153 gesohloaao·
703 3087 1107 3140 WarthderFrenadsehalteine
1117 3090 1210 3140 andem

145 3178 194 3212 aen
205 3161 288 3211 Acten
301 3159 475 3224 prooessiran,
492 3159 557 3208 daun
569 3157 651 3220 allgo-
703 3156 900 3220 Maiauaghegt

144 3231 213 3282 mein
231 3227 359 3280 Gethones
377 3229 451 3278 thua:
474 3227 532 3276 eiua
553 3225 651 3290 sprieh·
738 3224 817 3275 Multi
833 3252 850 3262 —
859 3228 948 3292 peterat
963 3224 1005 3274 ein
1021 3222 1211 3288 aalateigondea

146 3299 281 3351 wortliche
293 3297 444 3357 Redeusart,
459 3296 509 3344 wie
522 3295 568 3344 das
580 3294 654 3344 deat-
705 3293 839 3357 Trikolon,
864 3295 890 3343 in
911 3293 1032 3342 walchem
1055 3293 1134 3343 dnaeh
1154 3308 1211 3343 aero

147 3369 206 3420 seha
230 3368 271 3415 ‘zu
291 3367 347 3430 spiit
368 3364 500 3416 hommen'.
535 3363 597 3412 lliar
613 3361 651 3412 ist
706 3363 751 3413 das
764 3361 868 3424 Illibere,
885 3362 966 3410 durch
977 3364 1088 3426 demque
1098 3362 1143 3411 das
1155 3361 1212 3410 All·

147 3437 267 3504 garnaint,
278 3435 329 3484 alr
338 3432 426 3495 langen
439 3448 471 3482 an
481 3449 513 3482 zu
524 3430 653 3482 urtheilan
707 3429 821 3495 qemeina
834 3428 979 3492 eingel'rihrt
991 3429 1064 3478 wind.

148 3502 431 3566 waaoesausp'dtist.
742 3497 905 3548 admiradih'a
950 3497 1213 3559 hewundernsarerth,

182 3573 309 3640 duplicati
323 3584 397 3618 wenu
408 3568 459 3619 wir
475 3565 592 3630 (henaim)
611 3580 655 3629 ga·
708 3567 758 3616 und
775 3565 889 3616 insolern
905 3565 970 3614 anah
982 3565 1213 3629 legahronswerth.

149 3637 439 3700 hundensind(dureh).
743 3649 831 3683 omues
851 3633 887 3683 od
899 3648 988 3683 onum.
1023 3633 1142 3682 Aaron.
1155 3631 1211 3684 XII.

183 3715 211 3761 iu
222 3707 306 3759 aredio
318 3720 405 3770 waso,
425 3701 591 3754 ndmliehauf
600 3703 657 3752 dan
711 3703 751 3752 14.
768 3702 929 3754 amam
944 3716 1029 3751 manes
1049 3701 1084 3752 nd
1097 3717 1176 3751 noem
1196 3716 1212 3749 a

149 3778 335 3845 gamainsamen
348 3775 439 3837 Wege.
474 3773 533 3836 Vgl.
550 3770 566 3837 ξ
579 3772 612 3822 83
630 3787 655 3820 u.
709 3772 851 3820 nobismori
863 3775 990 3838 eoeoeptoe.

150 3849 185 3902 Χ,
199 3848 233 3898 34
244 3845 382 3914 (poesela).
742 3853 830 3889 reram
846 3842 960 3903 cognatm
971 3838 1131 3904 doohmaqua
1151 3840 1213 3888 wis-

185 3913 278 3968 XXIII.
292 3914 333 3966 86.
359 3912 499 3975 Quoatwm
509 3911 594 3974 mageb
610 3908 656 3961 Um
710 3904 905 3959 sansehaftliahe
923 3907 1146 3975 (philosophisohe)
1165 3904 1213 3957 lIr-

1002 3992 1035 4046 5*
