2766 4432
181 210 222 274 34
649 210 797 265 munus,

179 366 299 447 simque
313 366 466 428 redderet:
490 385 529 428 an
544 374 625 428 essct
643 367 700 428 hoc
714 366 837 446 quidem
852 366 1007 447 propriam
1024 365 1178 438 amicitiae,
1194 367 1247 428 aed

179 451 330 533 antiquior
344 459 375 514 et
390 452 542 531 pulchrior
557 458 587 512 et
602 452 695 531 magis
710 459 846 514 enatura
857 452 922 531 ipae
933 454 1066 531 proiecta
1078 451 1132 514 alie
1147 466 1245 513 maen.

178 536 271 598 Amor
285 538 376 611 euim,
393 553 429 598 ex
441 555 501 618 quo
516 536 646 615 amicitia
658 537 812 599 nominata
824 546 878 608 est,
893 537 1033 616 princeps
1045 544 1092 597 est
1103 537 1140 598 ad
1151 537 1250 598 boue-

181 622 343 683 volentiam
355 622 602 700 coniungendam.
619 621 695 682 Nam
706 623 847 684 utilitates
856 622 977 702 quidem
987 623 1077 683 etiam
1087 621 1124 683 alr
1132 621 1169 683 iis
1177 639 1249 702 per·

180 706 332 785 cipiantur
346 726 445 788 saepe,
462 707 514 786 qui
525 705 717 768 simulatione
728 707 874 769 amicitiae
889 707 1028 769 colantur
1043 715 1073 768 et
1084 707 1248 769 obsonan-

180 799 230 852 tar
244 792 391 872 temporie
407 811 513 865 causan
528 792 560 852 in
576 791 704 854 amicitia
719 800 818 854 autem
834 791 911 853 nilril
923 792 1027 854 fictam
1041 801 1097 866 eet,
1113 793 1187 854 nimi
1202 792 1248 853 ri-

128 883 161 934 ti
180 877 341 949 maletum,
366 885 397 938 et
412 877 557 958 quidquid
572 885 629 951 cet,
644 877 735 938 idest
750 894 853 939 reram
870 885 902 938 et
916 877 1128 939 voluntarium.
1163 879 1248 951 Que-

179 969 334 1041 proptera
349 969 458 1025 natare
473 962 547 1024 milri
567 963 684 1024 ridetur
704 964 821 1042 potius,
845 979 935 1042 qaam
951 961 987 1023 ab
1002 960 1166 1041 indigentia
1182 971 1248 1023 orta

180 1047 323 1109 amicitia:
347 1048 543 1128 applicatione
567 1047 660 1126 mapa
675 1047 768 1108 enimi
783 1067 852 1109 cum
866 1049 998 1128 quodam
1012 1066 1105 1110 sensu
1118 1046 1248 1121 ouandi,

180 1133 466 1212 quamcogitatione
478 1140 625 1213 quantum
636 1132 685 1193 ille
696 1151 746 1194 ras
758 1133 897 1195 utilitatis
905 1140 988 1194 esset
999 1133 1144 1194 hahitare.
1161 1132 1248 1204 Quod

180 1217 302 1297 quidem
314 1218 400 1297 quale
411 1218 458 1290 sit,
474 1218 562 1280 ctiam
575 1218 607 1278 in
618 1217 720 1279 beside
732 1218 910 1299 quibusdam
923 1219 1119 1280 animadverti
1130 1226 1246 1298 potest:

138 1312 141 1319 ’
180 1320 255 1381 qaae
281 1318 317 1363 ea
343 1320 375 1364 se
401 1308 488 1364 natos
509 1304 550 1365 iia
571 1310 673 1364 emant
693 1303 730 1364 ad
751 1304 901 1383 quoddam
917 1311 1038 1382 tempus
1053 1313 1083 1365 et
1096 1303 1134 1365 ab
1149 1304 1192 1364 eis
1207 1304 1248 1366 ita

179 1395 325 1461 emunim,
337 1395 373 1450 at
382 1389 468 1449 iacile
478 1401 582 1450 aarum
595 1403 700 1450 sensae
713 1397 861 1469 appareat.
878 1389 963 1460 Quod
976 1389 1008 1450 in
1019 1388 1141 1450 homine
1153 1389 1249 1450 multo

180 1480 227 1533 eat
253 1473 435 1535 evidentius:
461 1474 593 1553 primurn
621 1490 656 1534 ex
679 1490 713 1534 ca
735 1474 855 1535 caritate
871 1490 947 1553 quae
962 1481 1009 1535 est
1023 1474 1104 1535 inter
1116 1482 1205 1535 natos
1219 1482 1249 1536 et

179 1565 327 1637 parentes,
343 1578 420 1638 quae
436 1558 535 1619 dirimi
549 1559 608 1619 nisi
624 1558 789 1620 detestabili
805 1560 913 1620 scelere
928 1576 990 1619 non
1004 1566 1121 1638 potest3
1142 1558 1249 1621 deinde

180 1658 272 1720 quarn
288 1643 393 1705 similis
408 1661 517 1704 scasas
532 1643 644 1705 exstitit
660 1644 770 1705 amoris
787 1643 811 1706 si
834 1644 961 1724 aliquem
978 1645 1059 1706 nacti
1077 1662 1181 1706 auarus
1194 1662 1247 1706 cu-

178 1726 225 1788 ius
239 1746 309 1790 curn
323 1726 464 1790 moribus·
473 1736 504 1789 et
518 1737 623 1790 natura
640 1746 850 1808 congruamus,
867 1731 947 1810 qaod
958 1729 991 1790 in
1003 1748 1040 1792 eo
1051 1729 1136 1810 quael
1145 1729 1248 1791 lumea

211 1849 346 1917 proprium
382 1846 423 1898 ein
457 1842 685 1911 eigeathiimliclaer
740 1848 779 1899 ale
792 1846 839 1898 nia
850 1865 894 1900 ree
906 1848 1010 1900 auraici.

179 1915 307 1978 ‘vonugz
776 1916 849 1981 (laed
870 1920 897 1968 in
922 1918 1031 1968 nomine.
1067 1915 1161 1967 llleeee
1182 1916 1249 1982 prend

212 1986 326 2034 mnudi
369 1982 571 2049 etymologicon,
618 1990 685 2035 etwe
739 1984 805 2034 kann
824 1984 894 2036 nicht
914 1983 1018 2035 auiden
1031 1983 1113 2035 lnlralt
1126 1985 1248 2035 desleta-

179 2049 404 2102 ‘l'reundesliebe‘.
738 2059 783 2104 tea
801 2052 891 2105 Setaea
908 2053 989 2119 gelren
1008 2053 1089 2115 (sonat
1107 2052 1195 2102 winde
1206 2052 1248 2103 die

125 2122 127 2126 ’
212 2119 249 2169 ad
266 2118 466 2169 benevolentiam
482 2117 685 2184 coniungendam
739 2120 817 2172 Licha
828 2136 875 2172 aar
885 2120 930 2171 der
940 2119 1020 2171 Lielre
1030 2116 1177 2181 bewieaenl,
1190 2135 1249 2170 eoa·
1293 2145 1295 2149 ·

177 2187 257 2251 ltingt
276 2186 348 2237 nicht
368 2202 419 2237 von
436 2183 552 2256 princeps
564 2189 603 2253 ab,
625 2201 684 2237 son·
738 2189 801 2239 dera
819 2203 868 2238 aar
884 2186 1108 2253 gleichlredeutend
1127 2187 1184 2238 sein
1201 2189 1250 2239 nit

178 2257 241 2306 dern
253 2256 524 2322 voneaeeprincipem.
738 2258 794 2307 deu
805 2254 1029 2321 vemcrgelenden
1042 2254 1114 2320 qaod.

213 2324 244 2373 ab
262 2324 296 2373 iic
309 2325 488 2390 percipiantur
505 2321 577 2374 nicht
589 2323 615 2374 ia
627 2323 684 2374 dean
772 2340 848 2374 enea
859 2327 966 2375 certate
973 2338 1037 2389 qnae
1045 2327 1084 2373 ert
1092 2326 1168 2374 inter.
1187 2322 1247 2375 lien

178 2390 256 2441 Sinna
269 2406 321 2442 von
333 2392 355 2440 ii
361 2393 514 2459 percipiunt.
739 2392 873 2444 iberaetze
885 2391 940 2442 ‘nus
952 2392 998 2442 der
1009 2391 1086 2442 Liebe
1099 2391 1247 2445 zwiaclaea’.

211 2459 375 2510 sinuatione
406 2461 537 2510 amicitiae
565 2459 686 2510 colantur
738 2460 772 2510 So
790 2459 898 2511 erkennt
914 2475 971 2511 raon
987 2459 1038 2510 wie
1056 2461 1101 2510 des
1114 2475 1178 2526 paee
1191 2463 1248 2512 deur

178 2528 228 2578 aad
257 2529 426 2580 adinventor
452 2527 576 2596 temporie
605 2531 685 2578 cnara
738 2525 874 2593 folgenden
898 2543 961 2594 puae
984 2528 1054 2579 nicht
1073 2528 1247 2592 beigeordnet,

178 2596 325 2648 chiaetisch.
739 2597 848 2647 sondern
877 2594 1080 2663 untergeordnet
1102 2597 1177 2662 oder,
1205 2613 1247 2649 am

212 2663 253 2715 27.
278 2667 365 2731 patius
381 2663 467 2728 aegirt
485 2665 534 2715 den
552 2663 686 2730 Urrprnag
739 2664 827 2716 diesen
855 2662 989 2716 Terminus
1018 2680 1050 2715 za
1075 2665 1246 2730 gelmachen,

178 2731 419 2783 derFrcundschelt
431 2748 477 2785 aas
490 2728 687 2794 derBediirftig-
741 2732 907 2796 cingcordnat
925 2733 969 2784 ist.
999 2734 1058 2797 Vgl.
1071 2732 1114 2785 lV.
1131 2734 1174 2786 13:
1192 2736 1249 2784 einr

177 2799 232 2850 leit
244 2801 369 2865 giinzlich,
387 2802 475 2866 magia
487 2801 536 2850 den
549 2798 686 2850 Gedaukoa
740 2793 784 2867 pai
795 2804 833 2851 eet
845 2801 984 2866 iudicatur,
996 2804 1048 2867 qni.

177 2884 209 2918 an
228 2870 271 2920 die
283 2884 390 2931 grossen
403 2869 539 2919 Vortheile
551 2866 686 2918 dereelben
774 2868 917 2920 detestabili
929 2869 1031 2920 scelere.
1056 2869 1089 2920 So
1108 2869 1189 2920 habea
1203 2868 1244 2920 die

177 2952 226 2987 nar
238 2937 263 2986 in
277 2953 304 2988 so
317 2937 388 2998 weit,
406 2937 464 2987 dass
477 2953 533 2987 maa
547 2935 685 2989 denselben
740 2937 874 2989 Sdhaedes
881 2938 908 2988 L.
918 2939 1010 2988 lunias
1017 2938 1110 2988 Brutus
1125 2937 1245 2988 daaBand

177 3004 248 3055 nicht
269 3006 308 3055 als
330 3007 372 3059 die
391 3003 617 3071 liaupttriebieder
639 3003 685 3054 be·
740 3005 1248 3058 derLiebcnwischensiclranddemVa·

176 3072 292 3123 truchtea
307 3072 388 3124 diirle.
407 3073 454 3123 Die
467 3073 590 3124 ablativo
602 3071 685 3140 appii·
738 3075 1056 3138 terdarchllochverrutlr,
1066 3073 1250 3141 sohetesClp·

178 3144 275 3192 catione
302 3143 354 3191 und
383 3143 535 3208 cogitatione
557 3141 615 3191 sind
638 3156 685 3190 zur
738 3143 879 3194 tiimneatra
896 3143 1025 3194 zwisalten
1045 3141 1101 3191 sicli
1118 3142 1168 3191 und
1192 3141 1250 3193 dena

178 3210 288 3261 niiheren
324 3209 472 3274 lirlilirung
505 3206 683 3275 hinzugeirigt:
737 3209 820 3261 Solane
838 3212 916 3261 durch
929 3208 1095 3261 Gariennord
1108 3210 1247 3261 cernissen.

178 3273 313 3343 ‘vermige‘
360 3279 433 3329 einer
474 3277 684 3342 Auschliessung‚
772 3277 953 3345 deindeqnnm
965 3278 1248 3329 -‘enrtititdcmSiane

179 3346 276 3396 ‘durch’
288 3347 337 3397 deu
349 3346 494 3397 Gedunken.
739 3349 803 3397 nacla
819 3346 890 3396 nicht
909 3345 1074 3396 verschieden
1092 3362 1142 3396 von
1159 3345 1248 3397 danda

212 3414 258 3464 illa
279 3430 320 3466 rer
337 3415 407 3464 nicht
422 3416 551 3478 geredeza
568 3431 618 3465 roa
639 3413 685 3464 der
738 3429 774 3465 en
802 3414 883 3464 simili
912 3413 988 3474 (illine
1016 3415 1144 3477 auritatae)
1169 3430 1249 3466 cerna

178 3482 371 3545 recanescant,
393 3482 502 3533 sondern
519 3481 686 3546 allgemeiner
738 3485 842 3542 amnia,
855 3485 1010 3547 praemittit
1022 3485 1052 3531 ri.

178 3565 235 3600 vora
252 3551 399 3602 Schlicsscn
416 3551 461 3601 des
473 3547 686 3601 Freuadschaftr·
773 3549 1247 3615 nanciscoralipnernetwa‘dasGliick

177 3617 283 3668 bundas.
739 3614 809 3668 lihrt
822 3619 871 3666 nrir
882 3619 1019 3668 Jeruandcn
1032 3619 1080 3668 zu’.

214 3684 289 3748 Quod
304 3684 405 3749 paidom
425 3684 494 3738 ‘Wie
514 3701 541 3736 es
561 3685 617 3737 ricla
633 3684 687 3734 de·
774 3700 950 3751 confloreamur
960 3689 1016 3737 eine
1027 3703 1047 3736 s.
1058 3703 1081 3750 g.
1092 3691 1249 3754 comparatio

178 3752 226 3802 nait
241 3754 334 3803 -mit
350 3755 406 3805 dem
421 3753 687 3820 vonmirbeheupte-
740 3753 938 3821 compendiaria.
970 3753 1088 3806 Genauar
1104 3756 1173 3805 wiire
1190 3772 1251 3807 con·

177 3828 223 3871 ten
235 3819 685 3872 natiirliclnenl'reandschaitstriebe
737 3826 838 3887 granni
849 3825 938 3887 nostri,
952 3825 1013 3874 uber
1026 3824 1097 3874 nicht
1109 3824 1205 3874 baasor.

179 3916 212 3926 -
230 3889 350 3940 verhiilt'.
386 3888 440 3940 nui
461 3890 502 3940 cin
527 3888 685 3940 testinantes
773 3891 939 3956 paaailcmen
952 3892 993 3942 eia
1006 3891 1250 3947 leuchtendesVor-

179 3956 258 4007 Wort
283 3958 361 4010 weiat
377 3959 463 4011 dieses
481 3957 549 4024 quod
559 3974 588 4008 ao
602 3957 686 4018 weoig
741 3957 803 4009 bild.
