2766 4432
584 198 732 253 nennius.
1163 203 1204 267 35

132 354 253 432 aliquod
262 353 417 434 probitatis
433 361 465 414 et
475 352 593 415 virtutis
609 355 782 434 perspicere,
790 355 951 420 videamur.
976 355 1055 416 Nihil
1065 364 1112 428 est
1123 356 1204 419 enim
1223 364 1256 415 28

134 441 245 503 virtute
253 439 421 513 amabilius,
431 437 506 499 nihil
518 439 597 518 quod
610 440 703 518 magis
714 439 821 501 alliciat
833 440 868 502 ad
880 440 1079 520 diligendum:
1093 441 1203 522 quippe

132 544 227 606 quum
242 532 365 604 propter
379 524 521 585 virtutem
537 532 567 585 et
579 524 757 604 probitatem
772 525 861 586 etiam
878 545 943 600 ecs,
956 544 1032 605 qucs
1048 543 1202 605 nunquam

133 611 273 682 vidimus,
284 609 415 689 quodam
427 609 517 671 modo
529 609 697 688 diligamus.
714 609 787 682 Quis
796 618 843 672 est
850 611 902 690 qui
910 612 941 673 d.
948 609 1075 673 Fabricii
1083 610 1130 672 Μ’.
1143 612 1204 683 cu-

131 697 170 758 rii
178 714 240 758 nen
253 714 322 757 cum
329 694 451 756 caritate
459 694 554 774 aliqua
562 695 970 759 benevelentiaememcriam
980 705 1115 776 usurpet,
1127 716 1202 777 ques

134 799 290 861 nunquam
297 776 428 841 viderit?
444 779 621 859 quisautem
632 787 678 841 est
689 781 739 860 qui
752 781 949 861 Tarquinium
958 781 1203 862 Supertamarci

134 868 184 946 Sp.
200 865 335 928 Cassium
350 866 398 944 Sp.
413 863 552 925 Maelium
565 882 627 927 non
643 862 763 926 oderit?
802 867 875 927 Cum
892 866 1008 928 duobus
1027 866 1155 928 ducibus
1166 867 1202 928 de

133 951 259 1030 imperia
273 949 306 1013 in
320 949 403 1010 ltalia
420 950 602 1011 decertatum
620 959 677 1023 est,
692 950 804 1030 Pyrrho
821 959 851 1012 et
862 951 1039 1017 Hannibale:
1055 951 1093 1013 ab
1108 953 1201 1014 altero

132 1044 255 1116 propter
270 1035 448 1115 probitatem
463 1034 528 1096 cius
544 1054 605 1096 non
620 1035 712 1096 nimis
725 1035 837 1103 alienos
852 1037 967 1098 animes
982 1037 1142 1110 habemus,
1158 1037 1202 1099 al·

132 1131 231 1182 terum
247 1127 368 1200 propter
384 1119 588 1183 crudelitatem
603 1137 723 1200 semper
736 1122 811 1183 haec
825 1121 929 1184 civitas
944 1121 1050 1187 oderit.

217 1205 267 1267 IX.
305 1205 391 1278 Quod
417 1205 442 1266 si
467 1212 550 1267 tanta
575 1205 618 1266 ris
640 1205 795 1286 probitatis
818 1215 874 1280 est,
895 1215 930 1267 ut
945 1226 1010 1268 earn
1034 1208 1078 1268 vel
1102 1207 1134 1268 in
1158 1206 1200 1269 eis
1222 1209 1255 1260 29

131 1310 207 1371 quus
223 1310 377 1370 nunquam
393 1290 530 1365 vidimus,
550 1291 597 1353 rel
611 1292 692 1371 qued
707 1291 806 1352 maius
821 1301 877 1360 cst.
898 1292 930 1353 in
945 1293 1032 1355 hoste
1048 1291 1138 1355 etiam
1154 1293 1200 1352 di-

132 1376 272 1454 ligamus:
301 1376 372 1456 quid
388 1375 498 1437 mirum
515 1384 560 1438 est
575 1377 600 1437 si
615 1376 708 1439 animi
723 1376 880 1439 hominum
896 1386 1091 1452 mereantur,
1107 1396 1201 1458 quum

131 1480 236 1522 eorum
252 1462 428 1541 quibuscum
445 1480 503 1523 usu
517 1461 669 1523 coniuncti
684 1480 752 1523 esse
766 1470 894 1541 possunt
908 1463 1050 1525 virtutem
1066 1471 1096 1524 et
1111 1461 1199 1524 boni-

131 1553 222 1609 tatem
234 1546 403 1626 perspicere
415 1543 595 1609 videantur?
615 1547 791 1626 Quanquam
804 1548 1000 1611 confirmatur
1011 1566 1096 1610 amor
1107 1556 1136 1609 et
1147 1547 1202 1608 be·
1306 1593 1309 1598 ,

133 1631 238 1695 nelicic
250 1639 372 1710 accepto
384 1639 414 1693 et
424 1631 523 1693 studio
532 1641 689 1711 perspecto
702 1638 732 1693 et
744 1633 961 1694 consuetudine
969 1633 1123 1695 adiuncta:
1134 1631 1202 1712 qui·

131 1715 188 1783 bus
203 1716 292 1778 rebus
307 1717 344 1776 ad
358 1716 446 1777 illum·
454 1715 586 1795 primum
598 1725 715 1779 metum
728 1717 820 1778 animi
832 1726 862 1778 et
872 1717 983 1779 ameris
995 1717 1134 1779 adhibitis
1146 1718 1203 1778 ad-
1260 1738 1263 1745 ·

131 1801 273 1863 mirabilis
285 1799 430 1880 quaedam
443 1801 609 1863 exardescit
621 1801 846 1864 benevolentiae
859 1803 1044 1881 magnitudo.
1068 1803 1164 1876 Quam
1176 1800 1203 1865 si

131 1887 182 1965 qui
196 1894 304 1964 putant
319 1885 355 1946 ah
370 1885 571 1948 imbecillitate
586 1887 743 1966 proticisci,
759 1895 792 1948 ut
802 1887 840 1948 sit
851 1906 904 1966 per
921 1907 1012 1967 quem
1024 1894 1201 1967 assequatur

163 2025 306 2089 perspicere
318 2021 456 2074 videamur.
489 2021 640 2075 Uncuszn·
728 2023 773 2075 lX.
796 2024 836 2076 29.
856 2023 901 2088 vel,
919 2025 957 2076 vot
970 2023 1037 2090 quod
1051 2027 1189 2076 recinam

132 2090 244 2141 driicken
257 2088 379 2143 ‘incolere
391 2091 441 2141 wir
454 2092 564 2143 niimliclt
576 2093 640 2144 nach
694 2108 780 2157 segur,
793 2093 856 2143 eder
868 2109 922 2143 was
934 2095 1005 2144 mehr
1016 2108 1095 2156 ragan
1106 2093 1171 2144 will.

131 2159 420 2223 umerchorstellnng
437 2160 500 2219 oder
516 2160 581 2211 nach
592 2176 639 2209 un·
728 2163 753 2211 ei
774 2165 932 2213 meveantur.
973 2160 1026 2212 Der
1048 2161 1204 2226 Coniunctis
1241 2170 1245 2174 ’

131 2241 215 2278 seram
238 2225 346 2278 Geliihle
367 2224 518 2293 erkenberti,
542 2228 639 2279 niisste
693 2229 764 2291 zeigt
775 2229 822 2279 das
831 2228 937 2280 Factum
947 2230 974 2280 in
983 2229 1205 2294 deerrstcllnnq

131 2296 177 2346 das
189 2295 301 2347 Verbum
315 2298 442 2362 perspicia
459 2296 493 2346 iru
512 2295 639 2361 Ccnjunc·
692 2297 768 2347 darer
779 2297 877 2348 welche
887 2297 942 2347 sich
950 2298 1073 2348 Wundern
1083 2297 1205 2349 kb'nnten.

130 2364 171 2414 tir
183 2365 286 2414 stehen:
299 2367 448 2431 perspicere
457 2363 591 2416 videamur
602 2365 639 2415 ist
725 2397 807 2447 quum
827 2382 926 2434 sobam,
960 2381 992 2433 Si
1011 2383 1035 2432 q„
1056 2383 1112 2433 pem
1129 2383 1203 2436 pun„

131 2431 194 2482 aber
202 2449 251 2482 nur
260 2433 301 2483 ein
310 2432 476 2484 modificirtes
487 2433 638 2496 (vermcint·
696 2450 781 2513 admi,
795 2466 874 2515 mm
885 2451 911 2500 i„
921 2452 977 2501 dem
985 2451 1057 2502 pane
1066 2452 1133 2502 ‘ch
1151 2452 1204 2504 Μ

130 2499 442 2568 li‘llll1²⁰²'5l'l'02‘0'nl‘52
465 2502 518 2551 '‘l‘'
537 2501 564 2551 1¹¹
586 2503 642 2552 ‘¹⁰¹²
696 2518 850 2581 Coniunctis
862 2520 913 2568 wic
925 2517 989 2570 Vlll.
1003 2519 1044 2570 tt.

130 2567 375 2651 telapntenyedzjit
398 2567 465 2634 ruod
486 2585 514 2618 ⁸⁶
538 2568 642 2619 dmum
730 2620 820 2654 amm
836 2605 986 2669 quintium
1013 2605 1036 2654 a.
1049 2605 1073 2654 t.
1086 2618 1118 2656 an
1131 2606 1203 2656 tinen

130 2652 215 2686 nescio
240 2635 302 2701 quad
323 2635 418 2688 deceret
441 2636 488 2688 Off.
506 2635 524 2686 l.
548 2637 588 2688 13.
607 2639 640 2688 40
696 2671 866 2735 Mitbfirgem·
988 2642 996 2670 '

131 2704 175 2755 das
192 2721 221 2754 ac
241 2703 346 2754 ortuum
361 2704 453 2756 ἅλωνα
471 2721 521 2755 nur
533 2706 574 2756 cin
585 2721 641 2755 ma·
962 2758 967 2770 ,
983 2758 989 2770 ‚

132 2772 257 2822 ascenae
270 2773 639 2836 (angebttmmtobtrtmossot.
730 2757 885 2823 antequam
907 2756 1035 2840 stenen:
1064 2758 1109 2810 das
1132 2775 1154 2809 s·
1178 2773 1203 2821 s-

135 2839 193 2903 νει
205 2839 239 2890 χ,
255 2841 287 2890 35
300 2857 324 2891 a,
337 2841 367 2892 p),
693 2831 1021 2896 quanquamecrrectmum.
1034 2826 1201 2890 Vgl.Vll.25.

166 2909 208 2959 28.
226 2906 298 2959 Nittt
317 2915 355 2959 est
373 2913 441 2960 satim
454 2909 543 2973 ‘gicht'
554 2908 638 2960 nichts
729 2913 829 2960 motem
840 2912 924 2960 animi
935 2909 1074 2971 (Eindruck
1086 2911 1130 2961 des
1139 2911 1204 2961 Her-

130 2976 466 3041 Liebenswiirdigeres,wie
472 2977 585 3029 deutlich
597 2978 642 3028 das
695 2977 766 3039 zeus)
785 2978 862 3028 weist
878 2976 924 3029 aul
939 2981 964 3029 si
980 2980 1063 3029 animi
1072 2979 1202 3029 bominum

131 3044 250 3108 folgende
263 3045 332 3096 nihil
343 3046 411 3111 quod
422 3047 498 3098 lehrt.
694 3049 846 3097 moueantur
863 3047 974 3109 zuriiclr,
989 3051 1015 3097 et
1030 3049 1128 3098 ammas
1142 3047 1204 3098 tritt

166 3112 350 3166 benevolentiae
361 3115 420 3165 hier
431 3116 481 3165 und
491 3113 536 3166 IX.
546 3113 579 3164 32
589 3113 640 3165 wie
694 3115 733 3166 uls
755 3115 813 3165 cine
834 3114 1016 3180 Erweiterung
1036 3115 1088 3165 und
1105 3115 1203 3179 Ergin-

133 3179 185 3233 Vll.
201 3182 242 3232 23.
694 3199 761 3247 znng
771 3183 857 3233 hinzn.

165 3264 226 3314 quos
244 3267 375 3316 nunquam
391 3249 480 3302 videret
496 3250 640 3301 concessis.
721 3251 891 3302 ,admirabilis
915 3251 1039 3317 quaedam
1062 3251 1113 3301 wie
1135 3251 1204 3301 alius

166 3315 209 3383 Sp.
227 3318 345 3370 Cassium
357 3319 400 3386 Sp.
412 3316 541 3371 Maelium.
564 3318 640 3373 Bcidc
693 3319 796 3385 quidam
810 3317 838 3370 li.
851 3320 877 3371 ,6.

131 3400 221 3448 wegen
231 3387 387 3438 Verdachtes
401 3389 464 3437 nach
474 3389 520 3438 der
529 3386 639 3450 libnigs·
716 3403 771 3454 -per
779 3403 851 3453 quem
861 3393 1013 3454 assequatur
1020 3387 1202 3452 quodquisquc,

131 3454 276 3505 herrsehalt
299 3472 331 3505 zu
356 3455 469 3519 strabon,
489 3457 565 3520 jener
589 3456 639 3505 485
694 3456 764 3506 nicht
775 3472 822 3522 per
841 3472 915 3520 quem
934 3459 1038 3521 quiaque
1053 3459 1204 3520 assequatur

131 3521 218 3572 dieser
231 3524 281 3572 440
294 3539 318 3572 v.
332 3522 390 3573 Chr.
403 3524 526 3587 getiidtet.
693 3523 766 3590 quod.
777 3524 936 3589 (larisquehat
945 3526 1017 3574 scine
1025 3523 1204 3588 cigenthiimli·

168 3589 299 3642 decertare
333 3593 382 3642 den
417 3591 640 3655 Entseheidungs·
693 3594 739 3642 che
753 3592 844 3656 Stella,
857 3591 1080 3655 wieauchgleteh
1093 3591 1204 3642 nachher

131 3656 217 3722 lampi
232 3657 357 3726 liimplen.
692 3659 1206 3724 nndXVl.56,imrelativenNebensatze.

163 3732 267 3792 propter
296 3728 476 3780 eructuem.
517 3729 579 3779 Cato
604 3728 639 3779 Μ.
692 3716 1207 3793 Dochstelrtesauehdoppelt:'quodeci-

131 3792 193 3845 ΧΧ.
206 3796 220 3844 t
224 3798 238 3845 5
256 3797 338 3846 heisst
350 3797 475 3848 Hannibal
492 3797 640 3848 crudelissi·
692 3813 740 3862 que
751 3798 852 3861 obtigit,
864 3795 893 3846 id
904 3801 1011 3863 quisque
1023 3801 1112 3847 terreat.
1125 3795 1173 3845 Off.
1186 3793 1205 3844 1.

132 3878 191 3912 mus
202 3863 287 3914 bostis.
694 3868 717 3916 t.
731 3866 773 3915 21.

956 3950 988 3999 ‚qs
