2766 4432
220 201 262 262 50
679 196 829 251 munros.
932 237 939 252 ,

221 351 308 424 Quod
324 351 349 413 si
363 353 441 414 forte
450 386 493 396 —-
504 360 539 415 ut
553 353 586 413 fit
597 353 827 431 plerumque-
839 351 1020 424 ceciderunt,
1036 359 1102 413 tum
1117 353 1294 430 intelligitur

220 455 310 515 qnam
324 437 439 499 tuerint
449 437 556 516 inopes
568 437 731 499 amicorum
742 456 749 497 :
762 437 843 516 quod
851 436 1047 516 Tarquinium
1060 437 1168 500 dixisse
1180 439 1293 511 lerunt,

220 531 287 583 tum
302 523 487 584 exsulantem
503 542 536 583 se
552 523 733 585 intellexisse
749 541 826 601 quos
838 521 915 583 lidos
926 522 1037 583 amicos
1049 523 1203 585 habuisset
1215 542 1294 602 qnos
1333 539 1335 543 ’

217 607 338 678 inlidos,
365 626 457 687 quum
483 607 542 668 iam
570 607 686 669 neutris
716 607 840 686 gratiam
856 607 965 668 reterre
979 616 1088 686 posset.
1112 608 1290 687 Quanquam

167 711 201 761 54
219 690 321 766 rebor,
337 693 382 753 illa
399 693 538 770 superbia
552 700 583 754 et
598 692 832 771 importunitate,
851 692 876 751 si
891 710 1072 771 quemquam
1089 694 1216 754 amicum
1232 695 1287 755 ba-

218 778 289 838 bere
306 777 412 857 potuit.
434 776 531 858 Atque
543 785 577 838 nt
592 778 689 849 buius,
705 795 795 856 quem
812 777 995 848 dirimeres
1011 796 1097 838 veros
1109 777 1220 840 amicos
1235 797 1291 858 pa-

218 880 285 928 rare
298 881 359 923 non
370 869 549 942 potuerunt3
564 863 608 924 sic
619 863 781 942 multorum
794 880 865 940 opes
877 862 1117 941 praepotentium
1127 863 1289 925 excludunt

218 947 362 1008 amicitias
377 948 487 1009 fideles.
510 947 578 1011 Non
605 947 685 1010 enim
712 948 810 1009 solum
836 947 901 1026 ipsa
916 947 1048 1010 Fortuna
1063 967 1148 1010 caeca
1164 955 1221 1020 est,
1236 949 1288 1010 se'd

219 1051 270 1094 eos
287 1032 377 1094 etiam
404 1033 581 1111 plerumque
607 1032 699 1093 elficit
726 1049 828 1093 coecos
849 1050 924 1112 quos
938 1034 1092 1111 complexa
1108 1040 1162 1095 ost.
1185 1033 1291 1112 ltaque

220 1119 388 1178 efferuntur
403 1121 465 1178 fere
480 1118 598 1178 fastidio
615 1125 645 1178 et
661 1116 859 1188 contumacia,
882 1136 937 1178 nec
952 1118 1112 1196 quidquam
1129 1118 1289 1197 insipiente

218 1203 371 1263 fortunato
386 1202 601 1265 intolerabilius
616 1202 681 1263 fieri
696 1209 804 1281 potest.
819 1202 917 1280 Atque
932 1202 1124 1283 hocquidem
1140 1204 1239 1264 videre
1251 1203 1288 1264 li-

218 1295 274 1360 cet,
302 1307 353 1349 eos
368 1288 419 1366 qui
435 1294 522 1349 antea
537 1287 702 1352 commodis
722 1287 834 1351 tuerint
849 1287 982 1349 moribus
997 1287 1124 1367 imperio
1140 1296 1288 1366 potestate

218 1372 370 1452 prosperis
385 1372 474 1434 rebus
490 1373 643 1435 immutari
658 1371 772 1451 [sperni
786 1371 822 1433 ab
837 1372 873 1433 iis
889 1378 1004 1434 veteres
1016 1372 1169 1445 amicitias,
1185 1373 1288 1435 indul·

217 1457 281 1535 geri
296 1458 401 1533 novisl.
423 1458 500 1530 Quid
518 1467 618 1520 autem
633 1457 763 1530 stultius,
788 1475 878 1536 quam
894 1476 986 1537 quum
1015 1458 1178 1536 plurimum
1194 1459 1287 1538 copiis

162 1570 195 1620 55
214 1541 402 1604 facultatibus
418 1543 525 1622 opibus
540 1543 667 1623 possint,
682 1550 782 1605 uetera
792 1561 896 1621 parare
908 1562 984 1622 qnae
994 1550 1140 1622 parantur
1150 1544 1287 1623 pecunia,

217 1647 311 1706 equos
326 1628 466 1701 famulos,
482 1636 594 1691 vestem
611 1627 756 1706 egregiam
772 1647 842 1689 vasa
856 1628 1003 1707 pretiosa3
1027 1627 1138 1689 amicos
1153 1646 1214 1690 non
1231 1648 1290 1708 pa*

211 1835 583 1900 wennmnn'sgenaunimmt)
600 1836 719 1887 nnreine
772 1833 873 1885 Hoffart
901 1833 951 1883 nod
974 1832 1144 1896 Schroffbeit,
1169 1837 1284 1885 anesum

212 1903 271 1954 Zelt
282 1903 352 1967 lang.

248 1989 321 2054 Qercd
330 1991 356 2038 si
377 1989 446 2039 steht
456 1989 514 2039 hier
525 1988 552 2038 in
564 1990 619 2039 don
632 1989 717 2052 Slne,

211 2056 238 2106 in
250 2057 371 2108 welcbem
380 2056 481 2108 Neuere
494 2055 532 2107 oft
540 2056 607 2122 quod
616 2058 641 2107 ri
648 2060 717 2107 enim

211 2132 306 2177 setzen.
344 2124 434 2176 Dicscs
454 2125 490 2175 ist
510 2125 573 2174 aber
591 2142 618 2176 so
631 2124 716 2188 wenig

210 2192 348 2244 lateinisch
360 2194 398 2242 als
418 2192 519 2259 quodsi
528 2209 592 2257 nero,
616 2192 683 2260 quod
691 2194 717 2243 si

209 2265 303 2322 auten,
322 2261 389 2326 quod
399 2264 425 2310 si
438 2263 523 2327 agetur
538 2277 564 2311 u.
578 2262 628 2326 dgl,
654 2260 715 2312 wess

210 2329 261 2378 alle
274 2328 344 2380 diosc
358 2328 490 2380 Partilreln
511 2330 609 2380 bereits
621 2329 647 2378 in
661 2329 715 2379 dem

210 2396 409 2462 pecodemhalten
424 2396 551 2448 sindoder
561 2397 715 2461 wenigstens

209 2465 321 2517 mittelst
333 2465 466 2516 desselben
479 2473 573 2516 ersetzt
584 2467 698 2529 werden.

242 2549 387 2601 ceciderunt
416 2551 461 2601 das
485 2551 637 2614 Gegentbeil
664 2567 715 2602 von

207 2621 278 2690 sture
289 2618 422 2670 leststebn.

242 2703 309 2768 qued
320 2703 385 2766 (dies
398 2703 447 2754 soll
457 2704 528 2762 auch)
541 2706 603 2767 gelet
611 2703 657 2755 nol
666 2706 715 2756 den

207 2771 376 2835 allgemeinen
400 2771 483 2821 lnbalt
505 2772 551 2822 des
574 2773 714 2836 vorberge-

206 2838 304 2889 henden
328 2840 425 2902 soem,
458 2840 509 2890 und
534 2840 618 2890 erhiilt
641 2842 713 2892 seina

208 2907 355 2973 Epoxegese
375 2908 454 2958 durch
476 2911 535 2958 tum
550 2908 714 2959 mianum

207 2975 280 3037 ‘jessa
293 2983 348 3026 crst
359 2977 386 3025 in
399 2978 445 3026 der
457 2977 643 3039 Verbannmg’.
674 2976 713 3027 Zu

207 3046 265 3093 tum
277 3045 336 3112 tritt
359 3044 456 3094 wieder
478 3043 644 3095 aculeatam
672 3045 712 3095 als

206 3111 369 3176 Epexegesc:
382 3112 485 3162 'aihnlicb
497 3117 553 3163 tum
565 3128 660 3178 quoque
671 3116 712 3162 ab·

206 3184 246 3230 ter
265 3182 353 3229 tontes
372 3180 496 3245 fortuma
513 3183 601 3230 minoe
610 3181 667 3231 biv.
682 3179 710 3232 ll.

208 3249 248 3299 12.
271 3248 294 3309 Β,
317 3251 372 3298 tam
394 3253 451 3298 tum
474 3247 530 3298 illia
552 3250 712 3316 temporibus

204 3314 266 3382 Nep.
280 3315 368 3381 Thras.
379 3315 408 3367 ΙΙ.
419 3317 443 3380 4,
455 3313 550 3382 rdtsy'
564 3312 667 3367 dudleia
680 3312 712 3366 ἆ·

203 3379 305 3501 νεῖιέιόν
322 3384 476 3454 ἐξεναρίξας
495 3385 567 3435 Hom.
587 3383 617 3435 lt.
639 3383 708 3436 XVI.

234 3524 354 3585 gnatum
366 3521 467 3587 referre
478 3521 527 3569 deo
539 3518 612 3569 Dank
624 3519 711 3571 altm-

202 3587 709 3722 ttlrllvllttlllddtalltl

342 3693 348 3705 ·
394 3693 401 3705 ·
702 3692 710 3718 a

202 3722 293 3774 tulisse
307 3728 336 3774 ut
345 3727 430 3790 potius
441 3727 568 3774 iniuriam
579 3739 658 3789 quaen
667 3739 708 3774 re·

201 3790 293 3841 tulisse
302 3795 420 3856 gratabor
431 3791 528 3842 videor.

236 3860 276 3910 54.
299 3861 344 3911 itta
372 3860 414 3910 bei
442 3859 539 3910 ‘seiner
557 3855 706 3910 bekannten’

772 1903 821 1966 aig.
834 1902 994 1968 Appositiou
1081 1926 1084 1931 ·

801 1989 1006 2056 praepotentium
1034 1988 1208 2040 motivimode
1231 1988 1283 2053 Ap.
1345 2016 1351 2029 ,

770 2057 895 2122 position:
908 2055 961 2121 vgl.
973 2054 1032 2105 deos
1044 2054 1083 2106 ΙΙΙ.
1100 2057 1138 2108 12.

804 2141 937 2208 complosa
956 2144 995 2190 est
1016 2140 1042 2189 io
1062 2140 1102 2190 dic
1126 2141 1204 2193 Arme
1236 2158 1282 2207 ge·

770 2208 900 2260 sablossen
909 2210 963 2260 hat.
981 2207 1015 2258 lm
1026 2208 1281 2272 eigeotliclrenSiono

770 2277 821 2327 und
832 2278 878 2328 mit
894 2277 1040 2327 melicldser
1050 2276 1281 2342 Nebenbeziehuog

769 2347 873 2396 werden
885 2347 913 2397 in
926 2345 979 2395 Cat
993 2343 1022 2394 ll.
1038 2346 1077 2395 10.
1091 2346 1123 2395 22
1136 2346 1281 2398 dieBuscn-

769 2412 876 2464 freunde
889 2414 938 2463 und
953 2411 1139 2464 Scbosskinder
1151 2416 1196 2465 des
1208 2414 1278 2466 Cati·

768 2481 821 2533 lina
839 2481 870 2533 de
886 2481 1019 2549 complexu
1039 2484 1095 2533 eius
1112 2499 1142 2534 ac
1157 2485 1218 2534 sinu
1234 2499 1280 2547 ge-

769 2557 856 2601 nennt.
1266 2553 1270 2557 ’

789 2629 938 2700 fortunato
950 2634 1031 2684 snbst.
1046 2633 1206 2701 Gliiclrspilz.

801 2719 862 2785 fleri
872 2735 901 2769 es
913 2719 978 2770 kann
988 2735 1035 2783 gar·
1044 2719 1127 2771 niebta
1137 2721 1280 2785 Unartrig-

768 2787 880 2838 llcbores
892 2787 998 2852 ‘sebert
1056 2821 1059 2825 -

801 2871 885 2923 didm
904 2874 983 2924 weist
1001 2873 1049 2922 mit
1065 2869 1138 2920 einer
1148 2871 1276 2934 gewisscn

765 2939 890 3008 Emphase
902 2940 947 2991 anf
956 2942 1012 2992 eine
1022 2938 1168 3002 Erfahrnng
1179 2939 1222 2988 bln
1234 2938 1277 2989 die

762 3008 843 3072 jeder¹
851 3008 932 3060 selbst
944 3011 1047 3061 machon
1057 3006 1135 3057 kann.

799 3096 937 3146 immutari
958 3091 1111 3158 ‘gleichsam’
1132 3107 1276 3156 umgewun·

765 3161 820 3212 ‹lelt
837 3165 954 3213 werden:
974 3165 1020 3212 der
1040 3160 1205 3224 nmgekebrte
1217 3158 1276 3212 Fall

765 3245 815 3282 von
828 3231 884 3281 dem
897 3248 929 3280 zu
949 3235 977 3281 ut
996 3233 1033 3280 ita
1054 3229 1140 3280 dicam
1151 3228 1221 3281 xlv.
1242 3229 1274 3279 ts

765 3296 961 3364 besproobonen.
1009 3300 1043 3349 So
1073 3298 1158 3348 heisst
1187 3313 1277 3349 antem

765 3365 831 3417 ‘wie’
856 3382 906 3417 von
929 3366 1037 3426 Sinoen,¹
1057 3368 1184 3416 attendes
1208 3365 1277 3415 ‘wie’
1300 3366 1308 3376 '

763 3449 823 3484 vom
834 3434 935 3486 Donner
946 3434 1060 3500 gerbort,
1082 3438 1163 3485 nutus
1178 3432 1214 3484 ud
1225 3433 1275 3483 alt—

763 3500 827 3569 quid
836 3503 899 3553 oder
910 3503 988 3554 alioci
1000 3505 1039 3553 rei
1052 3501 1121 3554 ‘wic’
1129 3501 1274 3565 geschoffen

765 3571 826 3623 oder
840 3571 908 3621 ‘wie'
919 3572 1034 3636 gemacht
1046 3587 1077 3621 zu
1091 3578 1179 3620 etwas.

799 3658 839 3705 55.
858 3655 1071 3720 equosfamolos,
1092 3659 1186 3705 nestora
1201 3670 1275 3720 egre-

759 3723 1275 3856 staltlltttldttdtttbdt

761 3861 871 3923 gelidi-en
883 3860 981 3911 wieder
988 3861 1017 3925 je
1034 3861 1099 3911 zwei
1109 3874 1261 3911 zusammen.
