2766 4432
190 233 231 294 40
660 225 810 281 casurus.

190 392 253 447 tam
269 405 285 446 a
300 387 334 459 Q.
350 384 508 446 Tuberone
524 382 755 463 aequalibusque
770 382 873 444 amicis
888 381 1062 444 derelictum
1074 381 1257 442 videbamus.

189 470 228 531 ht
240 469 271 530 C.
283 469 415 531 Blossius
427 470 587 540 Cumanus,
602 469 712 547 hospes
722 468 850 530 familiae
862 475 987 538 vestrae,
1000 466 1152 539 Scaevola·
1164 485 1258 547 quum

191 556 226 617 ad
242 569 300 626 me,
327 556 407 634 quod
417 556 542 616 adaram
557 553 680 615 Laenati
695 559 725 615 et
741 553 859 632 Rupilio
874 552 1046 614 consulibus
1073 551 1106 612 in
1120 552 1257 626 consilio,

191 641 381 720 deprecatum
397 640 541 711 vennsetr
563 640 639 700 hanc
653 646 687 701 ut
703 637 760 699 sibi
773 639 959 716 ignoscerem
975 655 1093 698 causam
1110 636 1257 706 afferebat.

191 725 271 805 quod
285 726 363 787 tanti
378 725 422 785 Ti.
439 726 603 787 Gracchum
618 723 749 795 fecisset,
764 732 799 785 ut
814 723 959 804 quidquid
973 722 1023 783 ille
1039 722 1127 783 vellet
1140 723 1196 784 sibi
1212 724 1257 784 la-

190 810 328 871 ciendum
344 818 471 890 putaret.
515 810 592 871 Tum
609 828 679 888 ego:
702 809 841 870 Etiamne
857 809 881 870 si
897 817 926 870 la
941 807 973 868 in
988 807 1165 887 Capitolium
1179 812 1257 871 faces

190 895 269 956 farre
279 892 390 957 vellat?
403 895 572 973 Nunquam,
583 895 692 974 inquit,
704 895 846 956 voluisset
856 894 886 955 id
897 893 1032 974 quidem:
1046 893 1098 954 sad
1111 894 1136 954 si
1147 894 1259 956 voluis-

190 988 245 1052 set,
261 981 437 1060 paruissem.
471 980 585 1041 Videtis
601 998 690 1060 quam
702 979 817 1040 nelarie
833 977 902 1040 vox!
932 978 969 1039 Et
985 978 1105 1040 hercula
1119 979 1161 1040 ita
1175 980 1256 1052 fecit,

191 1067 237 1128 vel
248 1066 314 1145 plus
327 1067 416 1127 etiam
429 1084 517 1144 quam
529 1065 617 1126 dixit:
635 1082 697 1129 non
710 1065 791 1125 enim
803 1065 903 1144 paruit
915 1064 962 1125 ille
970 1064 1013 1124 Ti.
1027 1064 1151 1125 Gracchi
1163 1072 1257 1127 teme-

190 1150 271 1211 ritati
286 1151 340 1211 sed
355 1151 491 1229 praefuit,
508 1169 564 1212 nec
576 1169 608 1210 se
621 1150 760 1212 comitam
772 1150 851 1211 illius
864 1150 973 1213 luroris
987 1150 1039 1210 sed
1053 1148 1159 1211 ducam
1169 1168 1258 1230 prae·

140 1256 143 1261 ·
189 1235 264 1296 buit.
298 1236 400 1317 ltaque
421 1237 477 1295 hac
491 1235 621 1296 amentia
637 1235 811 1315 quaestione
826 1255 902 1297 nova
917 1235 1094 1313 perterritus
1109 1235 1141 1295 in
1152 1235 1257 1297 -Asiam

189 1321 334 1400 profugit:
351 1320 388 1380 ad
404 1321 505 1382 hostes
516 1340 549 1381 se
561 1321 695 1390 contulit,
709 1339 820 1400 poenas
831 1320 1020 1399 reipublicae
1031 1337 1134 1398 gravas
1147 1320 1258 1382 iustas-

190 1424 247 1484 que
262 1405 413 1484 persolvit.
448 1405 533 1466 Nulla
548 1414 594 1467 est
608 1404 698 1484 igitur
713 1407 863 1468 excusatio
878 1405 999 1484 peceati,
1025 1405 1050 1466 si
1067 1405 1154 1466 amici
1168 1424 1256 1467 causa

223 1541 266 1592 37.
301 1558 318 1590 a
348 1542 376 1605 θ.
399 1541 532 1595 Tuberone.
569 1541 598 1608 Q.
619 1528 694 1594 Kline
747 1559 795 1609 geu
814 1529 900 1595 selcha
919 1541 1014 1604 Verba,
1043 1541 1086 1593 die
1105 1543 1158 1594 sich
1175 1543 1257 1596 leiebt

141 1614 145 1623 '
189 1607 300 1673 Tubero,
320 1611 531 1663 Schwastersohn
549 1609 694 1675 rlesjinge-
741 1614 798 1662 'von
817 1612 898 1662 solbet
921 1606 1067 1673 verstehan,
1099 1611 1254 1662 namantlich

189 1692 234 1727 ren
246 1677 393 1744 Africanus,
410 1679 515 1730 leistatc
535 1680 583 1730 133
597 1694 620 1728 v.
635 1680 694 1730 Chr.
748 1681 793 1730 das
816 1679 928 1732 Verbum
951 1695 1014 1743 erse,
1038 1679 1202 1742 ausgeiassen
1221 1697 1254 1730 zu

189 1746 227 1795 tls
241 1745 409 1797 Vollrstribun
430 1749 487 1797 darn
509 1748 617 1813 iiltcran,
645 1748 692 1798 123
747 1749 861 1799 wardan.
874 1748 992 1798 Solltees
1003 1747 1174 1810 obergesetzt
1187 1765 1254 1800 wer-

188 1814 228 1865 als
241 1812 333 1865 Prlitor
354 1817 409 1867 darn
423 1814 548 1880 jiingcren
562 1814 692 1868 Gracchus
748 1817 804 1880 den,
825 1832 853 1867 so
873 1815 962 1866 wiirde
979 1814 1037 1865 bier
1055 1815 1125 1865 nieht
1137 1816 1183 1867 das
1195 1833 1254 1868 vcr-

188 1881 365 1933 widerstanu.
600 1944 602 1948 Α
747 1884 961 1947 stondesmhssiga
974 1884 1009 1933 sit
1020 1884 1182 1950 odansuerit,
1194 1901 1255 1936 son-

206 1951 418 2068 1οοιμιοιὶἰοιιιοοιο
429 1953 521 2003 aoniam
534 1952 581 2031 elan
592 1950 692 2069 glglieh-
750 1951 813 2003 darn
833 1951 879 2068 dede
890 1950 1031 2069 Ιοοίοοιίιᾷζ
1037 1967 1069 2001 zn
1090 1958 1178 2003 satzen
1190 1952 1255 2004 seiass

189 2019 695 2206 bibiti?;{h}c{¹g{h{2{{c{hl}h{i‚estid
750 2019 1256 2170 vmZpgppxrngimlitgiqpfflmm

190 2170 342 2207 censoaue
401 2172 474 2207 .ar
491 2172 552 2207 oua
612 2170 694 2209 ‚ao
766 2172 843 2207 cesse.

188 2223 262 2289 539:
283 2222 335 2285 vgl.
355 2223 425 2274 Brut.
443 2223 528 2274 XXV.
550 2225 582 2274 96
606 2222 694 2292 ‘prope‘
744 2158 852 2275 sabee
867 2225 979 2288 furoris,
1003 2223 1055 2274 wia
1076 2219 1179 2275 virtores
1199 2216 1255 2277 eiua

191 2289 309 2356 aequales
322 2290 347 2340 C.
364 2291 442 2342 Carbo
461 2296 483 2342 et
503 2289 539 2342 Ti.
557 2291 695 2344 Gracchus.
750 2290 891 2356 (Africani)
914 2290 959 2342 lX.
982 2290 1022 2353 30,
1044 2293 1121 2341 hocius
1145 2293 1253 2357 (Sullae)

190 2359 251 2409 llam
263 2357 433 2424 Coriolanus,
455 2363 510 2412 dam
531 2359 572 2427 Sp.
591 2360 694 2411 Cassius
749 2361 858 2428 periculi
868 2376 891 2425 p.
904 2360 976 2410 Sulla
989 2358 1007 2409 l.
1023 2360 1046 2421 2,
1058 2359 1131 2411 illiue
1143 2361 1181 2424 (P.
1194 2360 1254 2412 Sul-

189 2427 240 2477 und
258 2427 298 2492 Sp.
312 2428 405 2478 Mblius
423 2428 488 2479 wird
505 2427 546 2479 Ti.
565 2427 694 2480 Gracchus
748 2428 821 2495 picii)
839 2428 950 2496 perculi
968 2426 1178 2492 nephtalin
1197 2429 1258 2493 Vgl.

190 2496 229 2546 als
242 2495 283 2546 ain
298 2496 407 2561 Beispial
424 2512 470 2548 aus
482 2496 528 2547 dar
542 2496 696 2561 Gcgenwart
748 2497 811 2547 auch
820 2510 932 2614 quorum
960 2495 983 2556 (=
996 2510 1027 2544 ex
1040 2496 1143 2562 quibus)
1158 2498 1251 2550 mabo-

189 2563 449 2628 gegeniibergestellt.
534 2619 547 2630 ..
747 2579 809 2616 rum
841 2570 884 2615 ato
897 2562 931 2614 M.
945 2562 983 2614 lll.
999 2565 1021 2613 7.
1105 2582 1107 2586 ’

224 2631 372 2682 derelictum
382 2632 507 2694 giinzlich.
530 2632 640 2683 Ahnlicb
652 2632 694 2682 de-
781 2633 830 2682 Ιιαο
840 2633 954 2681 amentia
974 2631 1046 2693 (‘bei’
1056 2629 1144 2684 illeser
1165 2634 1252 2686 seiner

191 2704 286 2751 certare
312 2700 385 2760 (Vlll.
400 2702 451 2764 28),
473 2701 628 2768 depacgncre,
652 2700 694 2750 de-
748 2698 1257 2765 llopllosigheit)gcb‘o'rteudemganzen

189 2771 297 2830 οίιιοονο,
317 2768 587 2833 οἰοιοὶιοιί,·ιίοοοιιιι“νο
598 2786 623 2820 ιι.
636 2781 659 2820 a.
749 2768 825 2818 Satzc
836 2771 1055 2833 quaestione-nova
1064 2773 1222 2836 perterritus
1230 2774 1259 2823 in
1342 2782 1345 2788 '

225 2835 251 2886 C.
261 2836 435 2901 Bloaeicasoll
448 2835 494 2887 ani
503 2838 550 2887 den
563 2836 603 2887 Τί.
614 2836 695 2889 Grae·
750 2837 845 2886 Asiam
860 2836 984 2903 prqs‘cga‘t.
1015 2837 1091 2888 Tusa.
1113 2837 1152 2888 lll.
1175 2842 1198 2889 5.
1225 2840 1257 2888 10

189 2907 252 2955 ebus
273 2906 347 2956 einen
368 2905 564 2956 anteobiedanen
582 2904 695 2955 Elabuss
750 2912 809 2968 sagt
821 2905 926 2955 Cicero:
944 2906 1204 2969 eaimtaffactioaam
1216 2908 1258 2958 lu-

189 2973 265 3036 geiibt
285 2972 335 3022 und
358 2975 448 3024 dassen
461 2972 540 3023 Pliine
561 2989 607 3023 zur
623 2971 695 3024 aare
749 2975 819 3023 mine
837 2976 931 3025 mentis
951 2977 1082 3024 carentem
1110 2978 1257 3027 nominave-

188 3041 311 3103 gcbracbt
322 3041 416 3091 baben:
435 3041 490 3091 doh.
501 3055 549 3091 non
560 3044 650 3108 peracit
661 3044 696 3090 te-
750 3045 813 3092 rent
820 3041 1136 3108 ιοιιιοιιΐιὶιιιι’οοιιιίοιιιᾳιιο
1146 3043 1257 3099 ‘deucere-

170 3107 501 3227 lmeer'tatqeedpraasseit
536 3108 562 3159 ln
583 3110 628 3159 der
649 3125 696 3158 un·
752 3107 832 3159 tiam’.
860 3111 958 3160 Dareus
972 3111 1085 3160 hotmen
1099 3119 1259 3165 antnomman

171 3198 174 3233 ι
190 3185 231 3227 ter
248 3177 295 3227 alen
308 3177 418 3228 Consule
459 3215 464 3226 .
479 3177 594 3242 Popilius
611 3177 696 3227 Lanae
751 3177 810 3229 dass
823 3178 940 3229 dersalba
952 3179 1081 3229 zwischcn
1102 3180 1190 3231 diesen
1203 3182 1259 3233 bei·

172 3240 176 3257 ¹
190 3247 240 3297 und
253 3246 280 3297 P.
294 3244 411 3311 Rupilius
434 3245 504 3308 (132)
525 3246 697 3309 angcstcllten
751 3247 800 3298 dan
812 3246 973 3314 synonymae
986 3247 1079 3298 hainen
1092 3247 1260 3301 Untarsehied

190 3313 387 3377 Untersuchung
410 3312 535 3378 schliipite
565 3328 595 3363 er
618 3313 698 3364 durch
752 3314 904 3377 anerkenne,
917 3316 967 3364 und
980 3317 1044 3366 doch
1053 3313 1118 3379 folgt
1132 3332 1178 3366 aus
1194 3333 1259 3371 eao-

191 3382 242 3433 und
260 3383 311 3433 llolr
328 3399 360 3433 cu
379 3381 435 3430 dem
448 3381 634 3432 Prlitcndenten
653 3383 697 3432 des
751 3380 854 3447 demque
883 3384 928 3433 ‹las
953 3381 1112 3446 Gegcntheil.
1159 3387 1260 3436 Amana

189 3450 414 3516 pergamenisehan
432 3448 539 3500 llaichas
566 3449 697 3501 hamoni·
751 3450 899 3503 bezeichnet
910 3451 1261 3518 aineaugenbliclliebe,de·

190 3532 243 3580 cus,
262 3520 326 3571 necb
338 3519 429 3568 dassen
443 3517 583 3582 besiegung
596 3518 657 3582 (130
669 3536 693 3581 p.
749 3535 821 3569 mens
843 3519 899 3570 cine
912 3520 1045 3570 bleibende
1058 3520 1260 3588 Vardunlalung

191 3585 250 3648 129)
261 3600 291 3634 ar
303 3587 358 3637 sich
370 3587 418 3635 dan
431 3585 485 3636 Tod
498 3585 555 3648 gab.
753 3587 798 3639 des
810 3587 914 3645 Lichtes
933 3590 978 3638 dae
992 3585 1108 3650 Geistes3
1125 3586 1200 3650 janes
1223 3590 1269 3643 ist*

224 3652 340 3706 adeam.
376 3654 427 3704 llas
447 3652 547 3719 Imperi.
575 3670 623 3704 von
642 3655 698 3705 den
751 3658 846 3706 mentis
872 3672 922 3706 aeon
942 3671 1045 3724 compos
1066 3655 1149 3708 dieses
1169 3662 1257 3710 mente
1307 3653 1311 3659 ’

192 3736 247 3770 was
258 3721 415 3784 gewobnlieb
428 3721 497 3771 Statt
509 3720 577 3773 land.
752 3728 849 3791 captae.
1192 3754 1194 3758 -

226 3787 329 3840 Videtis
347 3805 425 3854 quem
442 3791 548 3856 cesario
574 3805 630 3841 ocae.
669 3790 695 3840 ln
783 3806 879 3858 poenae
904 3792 1026 3860 persolvit
1060 3791 1109 3841 und
1146 3792 1260 3846 ‘mnssta’

192 3856 287 3907 hnrzan
307 3858 356 3907 und
377 3855 504 3909 labbaiten
518 3856 611 3909 S'aitaen
635 3861 696 3926 plia·
751 3859 831 3911 Basse
843 3859 964 3910 becablen
979 3858 1042 3910 oder
1055 3875 1083 3910 ee
1095 3859 1197 3912 biissan.
1261 3874 1264 3881 ·
