2766 4432
583 245 731 302 nonnius,
1153 238 1194 316 59

136 446 140 450 -
217 401 317 463 xxiv.
363 403 422 464 Sed
446 421 539 483 quum
560 411 605 464 tot
625 404 717 482 signis
739 405 842 465 eadem
858 413 962 467 natura
977 407 1105 468 declaret
1125 407 1197 486 quid

130 493 200 553 velit
215 489 352 567 anquirat
364 489 527 562 desiderem
541 497 644 550 tamen
656 490 899 552 obsurdescimus
910 492 1010 553 neseio
1027 493 1197 571 quomodo,

130 593 187 638 neo
202 597 237 638 ea
251 593 328 654 quae
343 575 379 635 ab
392 593 428 635 ea
444 593 603 635 monemur
617 575 765 659 erudimus.
810 576 863 636 Est
874 577 954 637 enim
967 577 1065 638 verius
1078 585 1109 638 et
1119 579 1199 638 mul-

131 663 221 742 tiplex
242 679 316 720 usus
336 660 490 730 amicitiae,
512 660 683 739 multaeque
703 679 809 722 oeusee
831 663 1033 742 suspicionum
1050 662 1199 737 >offensio-

131 765 265 827 numque
280 747 403 806 dentur:
415 745 691 824 quastu'mevitare,·
699 748 1198 827 tum‘elevaretumferresapientis

132 842 187 895 est.
210 833 275 894 Una
291 831 338 891 illa
354 829 532 891 sublevanda
549 829 673 890 offensio
690 839 746 898 est,
762 840 797 893 ut
812 840 842 893 'et
856 832 965 893 utilitas
980 833 1012 893 in
1027 833 1154 895 amicitia
1169 842 1200 894 et

131 919 204 979 fides
220 916 399 979 retineatur:
416 934 484 990 nam
498 923 528 975 et
540 916 682 976 monendi
693 918 779 978 amici
790 936 877 997 saepe
889 926 959 979 sunt
971 926 1000 978 et
1013 917 1198 997 obiurgandi,

133 1004 251 1065 ethaeo
267 1002 435 1081 accipienda
452 1000 545 1062 amice
560 1000 655 1080 'quum
670 1000 815 1064 benevole·
827 1003 913 1064 fiunt.
941 1003 1000 1064 Sed
1017 1004 1117 1064 neseio
1139 1023 1198 1085 quo
1218 1004 1250 1056 89

134 1088 355 1156 medonensem
372 1095 418 1147 est
434 1086 514 1165 quod
529 1085 561 1145 in
574 1085 686 1146 Andria
700 1087 854 1149 familiaris
876 1107 962 1150 meus
978 1088 1063 1150 dicit:

218 1173 391 1251 Obsequium
406 1176 520 1241 amicos,
535 1175 643 1231 veritas
658 1172 754 1233 odium
765 1178 855 1252 parit.

131 1258 255 1319 Molesta
269 1257 387 1329 veritas,
403 1258 428 1317 si
450 1257 571 1336 quidem
589 1276 625 1317 ex
645 1275 679 1318 ea
700 1259 834 1320 nascitur
849 1259 962 1323 odium,
983 1259 1061 1338 quod
1082 1268 1127 1320 est
1147 1279 1200 1321 ve-

132 1362 244 1405 nenum
260 1341 422 1404 amicitiae:
437 1343 490 1403 sed
503 1341 682 1421 obsequium
692 1345 787 1403 multo
800 1345 966 1415 molestius
982 1345 1062 1423 quod
1073 1346 1199 1424 peccatis

131 1430 298 1507 indulgens,
313 1427 505 1506 praecipitem
520 1427 648 1488 amioum
664 1428 736 1489 ferri
752 1429 829 1490 sinit.
852 1429 977 1489 Maxima
998 1439 1098 1489 autem
1115 1430 1200 1510 culpa

130 1513 164 1574 in
179 1533 224 1583 eo,
240 1513 293 1593 qui
308 1521 339 1574 et
353 1512 505 1586 veritatem
517 1521 694 1592 aspernatur
705 1522 735 1574 et
745 1515 777 1574 in
787 1515 921 1575 fraudem
934 1513 1077 1592 obsequio
1092 1516 1200 1595 impel-
1233 1525 1235 1531 '

130 1599 208 1660 litur.
220 1600 322 1661 Omni
337 1599 426 1676 igitur
440 1600 497 1659 hae
510 1599 542 1658 in
562 1617 595 1660 re
610 1598 745 1678 habenda
760 1601 835 1660 ratio
852 1607 883 1660 et
896 1599 1046 1677 diligentia
1058 1609 1115 1661 est
1136 1600 1199 1680 pri-

130 1808 203 1872 fulta
223 1811 262 1856 est
278 1805 313 1857 ad
331 1811 427 1881 terram
446 1807 540 1870 fener.
576 1807 639 1857 Ceto

133 1965 134 1970 ¹
164 1942 261 1994 XXIV.
273 1958 337 1994 usses
348 1942 395 1993 der
406 1943 530 1994 Verlrelrr.

167 2011 263 2061 duntur
279 2013 363 2062 bieten
381 2011 437 2062 sicli
448 2013 507 2074 dar,
524 2011 639 2062 konnen

130 2095 192 2129 vor:
211 2096 275 2144 qnae
286 2080 362 2130 wolle
373 2095 429 2129 men
442 2080 513 2131 nieht
523 2078 570 2129 eol
578 2094 640 2130 eme

131 2165 177 2199 eae
188 2149 316 2199 beziehon.
515 2163 518 2169 ’

165 2220 261 2266 evitare
281 2216 440 2278 menoides,
463 2215 560 2267 elevare
580 2230 639 2265 ver·

131 2286 260 2335 mindern:
283 2286 334 2349 vgl.
356 2285 492 2352 depressus
504 2289 529 2335 et
539 2284 638 2334 deruer-

131 2369 177 2403 sus
190 2354 253 2405 Coto
266 2353 303 2404 Μ.
314 2353 386 2404 XXl.
399 2355 440 2410 Π,
459 2353 605 2418 &grecum
617 2357 641 2402 et

130 2420 271 2472 deieesrarm
282 2423 345 2473 Coto
357 2422 392 2472 Μ.
406 2420 499 2471 XXlll.
513 2421 554 2472 85.

166 2489 322 2540 musondo
333 2489 389 2540 Nur
400 2492 447 2540 der
460 2490 517 2540 eino
529 2490 638 2539 Austoso

131 2573 201 2608 muse
220 2555 345 2608 ‘leichter’
365 2559 493 2623 gemacht,
513 2573 583 2607 muse
599 2558 638 2606 ‘so

130 2626 183 2676 viel
201 2626 241 2675 uls
258 2625 377 2687 nitiglieh’
395 2625 514 2688 beseitigt
525 2625 637 2676 werden.

135 2691 166 2745 Ul
185 2693 333 2754 bezeiohoet
351 2694 398 2745 den
417 2694 512 2744 Zweek
528 2694 575 2743 (lor
593 2695 639 2742 lle·

132 2761 269 2825 seitigunffi
286 2777 348 2811 narn
359 2762 429 2825 giebt
441 2761 639 2823 die,llrlrlfirung

131 2830 175 2879 des
188 2828 234 2879 anf
248 2831 294 2879 das
305 2829 433 2894 Folgende
449 2829 638 2881 linweiesnd'en

130 2897 185 2960 illm
197 2898 234 2948 ist
245 2897 323 2947 daher
335 2899 400 2962 (wie
411 2899 495 2962 htufig
506 2894 563 2966 γὰρ
576 2897 639 2947 osolt

131 2959 209 3028 τάδε),
236 2967 368 3016 entwerler
399 2967 476 3016 durch
509 2963 638 3016 ‘niimliolil

132 3035 252 3096 elongor
264 3034 336 3084 nieht
345 3051 379 3084 zu
389 3035 548 3085 iiherseteen.
565 3034 596 3085 N.
607 3033 636 3083 l).=

131 3100 160 3152 ll.
182 3103 206 3152 9.
231 3103 263 3151 24
287 3102 368 3165 Quod.
381 3101 638 3167 quidemcleanllms

131 3173 208 3220 etiam
221 3168 278 3221 ‘leis'
290 3172 452 3236 argumentis
463 3170 542 3235 dooet,
558 3176 639 3235 quaoss

132 3242 160 3286 ta
172 3241 209 3287 oe‘s
221 3241 285 3288 insit
296 3239 388 3290 eoloris
399 3241 428 3288 in
438 3240 509 3288 omrai
519 3252 638 3304 corpore:

133 3311 209 3369 negat
237 3309 322 3357 ‘enim’
351 3312 399 3358 ete.
450 3308 502 3357 Dor
530 3308 639 3356 Austoss

130 3374 213 3425 'solist
225 3373 327 3426 bestelrt
337 3376 422 3437 mein,
444 3392 495 3426 von
507 3375 552 3424 der
564 3374 639 3437 einen

132 3440 201 3492 Seite
222 3443 282 3492 dass
302 3444 342 3494 die
361 3443 498 3495 Wulrrlieit
514 3443 585 3494 nieht
596 3455 640 3504 ge-

132 3516 197 3572 sagt,
213 3524 263 3558 von
276 3511 322 3561 der
333 3513 429 3563 andern
446 3513 505 3562 dass
519 3511 558 3561 sie
576 3508 638 3560 iibel

132 3577 321 3639 oul'genommen
333 3581 411 3631 wire:
427 3587 492 3631 stntt
504 3579 593 3629 diesen
605 3594 637 3627 zu

132 3659 243 3706 neuneu,
261 3646 305 3696 liat
321 3647 409 3699 Cicero
430 3648 516 3712 gleioh
531 3647 572 3697 die
590 3661 638 3696 aus

692 1805 840 1874 aeeipe'enda
856 1809 946 1858 amice.
980 1807 1060 1858 Nieht
1072 1809 1117 1858 des
1130 1816 1199 1860 erste
1232 1859 1237 1868 ,

586 1906 588 1913 2
692 1877 743 1925 unrl
761 1875 855 1925 zweite
872 1879 904 1938 et,
928 1877 1039 1926 seodern
1061 1876 1105 1926 das
1130 1885 1199 1928 erote

626 1959 628 1966 ’
693 1944 743 1993 und
756 1943 836 1994 dritte
849 1945 1076 2010 correspondiren:
1088 1945 1141 2008 vgl.
1154 1950 1200 1995 atet

692 2010 942 2076 aaut,autXXl.77.
1027 2073 1029 2077 y

728 2080 771 2130 89.
805 2082 887 2130 neseio
911 2094 959 2146 qne
987 2079 1063 2130 modo
1080 2103 1096 2122 =
1115 2085 1200 2131 nermo

693 2164 740 2229 quo
753 2152 831 2215 pacto
850 2147 869 2198 l.
881 2149 906 2211 4,
926 2149 984 2198 hier
1005 2151 1061 2199 ιιιιιίΙ
1073 2164 1129 2199 zum
1147 2151 1200 2200 An-

692 2217 769 2279 lange
781 2215 825 2266 deo
837 2211 896 2282 Cep.
916 2217 972 2266 (lem
987 2217 1124 2281 deutschen
1144 2217 1200 2281 ‘lei-

694 2284 898 2336 der'verwnndt.
1160 2304 1163 2309 ·

721 2351 873 2419 familiaris
887 2352 1031 2402 'meus‘der
1051 2353 1132 2404 durolr
1152 2353 1200 2404 (len

633 2454 636 2459 ‚
693 2420 790 2472 Nomen
807 2419 852 2470 des
862 2420 970 2470 Stiiokes
986 2412 1200 2485 hinl'n‘oglieli'bo-

693 2489 826 2540 zeiehuete
844 2489 870 2539 Ρ.
890 2488 1028 2540 Terentius
1049 2486 1122 2555 Afer,
1143 2491 1199 2554 gel.

692 2574 723 2608 zu
745 2558 871 2620 Carthago
894 2557 957 2620 193,
976 2563 1042 2619 gest.
1063 2556 1109 2607 oni
1126 2559 1200 2609 einer

694 2626 741 2675 159
755 2632 937 2689 angetretenen
951 2623 1027 2675 Reise
1046 2626 1109 2692 nael
1123 2625 1200 2676 Grio-

691 2693 830 2744 ohenlend:
860 2696 933 2744 euius
951 2692 1068 2758 fabellae
1090 2698 1200 2761 prepter

692 2762 847 2828 elegantiam
864 2764 991 2813 mamonis
1006 2757 1165 2829 putabantur
1181 2779 1199 2812 a

693 2829 719 2880 c.
732 2829 918 2882 noeoeane.
931 2830 1105 2882 arneson.
1119 2816 1198 2880 ato.

694 2924 698 2927 ·
726 2897 794 2963 quod
803 2902 842 2947 est
854 2899 927 2948 nielrt
938 2896 1007 2948 ‘wus'
1024 2897 1071 2948 ltir'
1082 2898 1111 2948 id
1126 2897 1196 2963 quod,

693 2968 803 3018 eundern
817 2963 946 3017 ‘welcher'
960 2967 987 3016 iu
999 2967 1144 3030 Bezieltuug
1155 2965 1202 3016 nuf

691 3034 785 3084 odium.
821 3031 1071 3099 Dossenungeaehtet
1094 3036 1130 3086 ist
1153 3035 1198 3085 (les

691 3099 817 3153 Neutrum
826 3102 1198 3166 niehtdurenodiumbedingt,

691 3172 742 3222 wie
759 3186 816 3221 man
833 3187 878 3223 aus
894 3170 1070 3236 Thebae-qood
1079 3173 1199 3222 Boeotum

692 3237 769 3306 eaput
791 3243 842 3304 eet,
865 3242 992 3307 peroratio
1015 3243 1059 3304 qui
1081 3239 1199 3306 epilogus

692 3307 801 3371 demur,
830 3309 930 3359 animal
956 3309 1061 3374 plenum
1090 3310 1199 3357 rationis

693 3390 767 3441 quem
787 3390 907 3425 vocamus
923 3377 1049 3426 hominem
1072 3374 1122 3424 und
1138 3376 1200 3424 illin-

694 3444 779 3493 liehen
791 3444 933 3508 Beispielen
947 3443 1023 3525 sieht.
1084 3511 1090 3523 .

691 3510 947 3643 slttlttlzmat
971 3511 1124 3630 ltl'rtl
1139 3525 1200 3628 tlt

692 3646 822 3698 bundenen
859 3647 1020 3709 Venderbenl·
1053 3647 1199 3697 lrinreissen

131 3713 179 3762 der·
195 3712 350 3765 sublevanda
366 3718 474 3782 offensio
492 3716 548 3765 sieh
565 3729 638 3778 ergo·
690 3715 765 3764 lieet.

132 3779 213 3832 beneio
224 3780 315 3832 Pllielrt
325 3783 485 3847 hingestellt.

165 3852 191 3898 et
201 3849 322 3900 rnonmedt'
331 3856 355 3901 et
367 3850 528 3917 obiurgandi,
539 3855 566 3900 et
577 3853 639 3902 haee

132 3916 213 3978 (eliese
222 3917 417 3985 Erinneruugen
430 3921 480 3970 und
490 3917 637 3982 Vormiirfe)

726 3785 792 3833 ratio
823 3787 848 3832 et
879 3783 1017 3848 diligentia
1049 3781 1199 3846 sorgliiltige

691 3850 844 3902 liiieksielrt:
865 3867 897 3902 zu
912 3853 1059 3918 eogeeo‘tione
1069 3851 1200 3902 doctrinm·

692 3917 844 3984 qiteXXlll.
856 3919 897 3971 86.
935 3938 938 3943 ’
