2766 4432
229 231 269 294 52
684 227 832 284 nunnius.

228 402 319 464 quam
334 384 508 457 faceremus,
525 384 651 445 facimus
664 385 842 446 amicorum:
859 384 974 464 precari
985 384 1021 445 ah
1032 384 1164 464 indigno,
1182 385 1296 466 snppli-

228 489 312 545 caro;
325 476 390 530 tum
403 469 538 530 acerbius
551 469 582 531 in
595 469 723 549 aliquem
735 468 846 542 invehi,
862 468 1062 548 insectarique
1073 471 1294 532 vehementius:

230 553 353 635 quaein
369 553 483 615 nostris
497 555 587 615 rebus
604 573 665 615 non
681 554 754 615 satis
768 555 906 625 honeste,
922 554 954 615 in
970 556 1134 616 amicorum
1149 556 1225 617 dunt
1239 557 1296 617 ho-

228 639 408 700 nestissime.
431 639 600 720 Multaeque
615 658 665 700 res
681 646 753 700 sunt
767 639 798 699 in
814 639 922 719 quibus
937 640 974 700 de
989 641 1051 700 suis
1062 641 1228 702 commodis
1242 641 1296 702 viri

227 724 300 785 beni
316 726 409 786 multa
425 725 586 786 detrahunt
601 725 774 804 detrahique
788 725 953 805 patiuntur,
980 732 1013 786 ut
1038 725 1075 786 iis
1090 726 1180 786 amici
1195 727 1296 805 potius

229 827 319 888 quam
334 809 391 888 ipsi
406 809 553 871 fruantur.
575 809 674 871 Altera
690 809 836 871 sententia
851 818 904 881 est,
930 829 1006 890 quae
1021 811 1124 872 detinit
1140 811 1296 873 amicitiam

176 909 208 960 58
228 894 349 973 paribus
366 894 471 954 officiis
488 913 522 957 ac
537 895 749 956 voluntatibus.
771 895 834 955 Hoc
849 895 971 974 quidem
987 902 1032 957 'est
1046 896 1134 956 nimis
1149 897 1251 974 exigue
1266 905 1298 957 et

229 979 344 1041 exiliter
359 979 395 1039 ad
411 980 537 1040 calculos
552 998 657 1041 vocare
672 980 841 1053 amicitiam,
857 988 892 1041 ut
905 998 959 1059 par
975 980 1013 1040 sit
1023 980 1099 1041 ratio
1112 989 1298 1060 acceptorum

231 1072 261 1125 et
276 1065 423 1126 datorum.
454 1063 580 1126 Divitior
595 1064 669 1125 mihi
684 1073 713 1126 et
729 1063 897 1126 affluentior
912 1065 1029 1127 videtur
1041 1084 1107 1126 esse
1117 1085 1185 1126 vera
1197 1066 1301 1128 amici-

229 1149 280 1222 tia,
296 1168 351 1210 nec
367 1149 523 1210 ohservare
538 1149 677 1211 restricte
692 1170 731 1212 ne
745 1151 812 1229 plus
827 1150 933 1211 reddat
947 1169 1036 1229 quam
1052 1151 1208 1230 acceperit.
1231 1150 1298 1212 Ne·

229 1253 288 1314 que
304 1233 384 1296 enim
399 1236 565 1296 verendum
582 1242 628 1295 est
643 1254 681 1295 ne
696 1235 767 1313 quid
784 1235 906 1307 excidat,
933 1243 984 1296 aut
999 1255 1038 1297 ne
1054 1236 1124 1314 quid
1141 1236 1299 1297 interram

230 1319 347 1391 defluat,
364 1327 416 1380 aut
430 1336 469 1380 ne
484 1321 552 1400 plus
566 1339 661 1400 aequo
672 1320 744 1399 quid
756 1321 788 1381 in
800 1319 959 1381 amicitiam
972 1329 1158 1399 congeratur.
1181 1322 1300 1382 Tertius

178 1415 210 1465 59
228 1423 300 1466 vero
315 1405 364 1465 iile
378 1403 446 1466 finis
462 1405 650 1478 deterrimus,
668 1412 702 1466 ut
717 1405 821 1484 quanti
836 1405 962 1486 quisque
978 1425 1010 1466 se
1025 1406 1090 1484 ipse
1105 1406 1200 1476 saciat,
1223 1407 1300 1467 tanti

229 1489 281 1550 fiat
294 1489 332 1550 ab
347 1489 457 1550 amicis.
496 1490 592 1570 Saepe
607 1489 687 1552 enim
702 1489 735 1551 in
759 1490 935 1569 quibusdam
951 1490 1137 1551 antonimus
1155 1490 1298 1553 abiectior

229 1581 284 1649 est,
298 1582 349 1636 aut
359 1593 428 1653 spes
440 1575 662 1655 amplificandae
675 1576 812 1637 fortunae
824 1575 954 1650 fractior.
975 1577 1042 1636 Non
1055 1583 1101 1636 est
1111 1576 1201 1654 igitur
1212 1575 1300 1637 amici

228 1661 320 1722 talem
337 1678 404 1720 esse
419 1659 450 1720 in
467 1679 546 1731 enm,
561 1660 656 1740 qualis
672 1659 722 1721 iile
736 1659 769 1721 in
784 1679 818 1721 se
834 1667 895 1733 est3
919 1661 972 1721 sed
987 1660 1087 1740 potins
1104 1661 1176 1721 eniti
1189 1668 1219 1721 et
1231 1661 1300 1721 effi-

229 1763 296 1806 cere
312 1752 346 1805 nt
361 1744 446 1805 amici
462 1745 610 1807 iacentem
626 1745 760 1806 animum
776 1746 894 1817 excitet,
920 1746 1102 1825 inducatque
1117 1765 1201 1824 spem
1217 1745 1299 1824 cogi·

228 1830 423 1909 taionemque
439 1830 603 1891 meliorem.
644 1830 726 1892 Alius
737 1830 827 1908 igitur
840 1829 909 1890 finis
925 1849 1011 1891 verae
1027 1830 1172 1892 amicitiae
1187 1830 1302 1892 consti-

228 1915 362 1977 tuendus
377 1921 434 1988 est,
448 1916 475 1974 si
489 1915 573 1994 prius
588 1914 660 1994 quid
683 1916 810 1976 maxime
834 1914 1055 1994 reprehendere
1077 1916 1176 1995 Scipio
1192 1915 1300 1977 solitus

229 2000 270 2060 sit
285 2000 397 2061 dixero.
421 1999 552 2079 Negabat
567 1999 659 2060 uliam
674 2018 776 2064 vocem
793 1999 991 2062 inimiciorem
1006 2000 1151 2063 amicitiae
1166 2000 1300 2080 potuisse

228 2085 354 2164 reperiri
369 2102 459 2164 quam
475 2084 547 2159 eine,
564 2085 615 2164 qui
626 2085 751 2147 dixisset
764 2085 806 2146 ita
818 2102 919 2146 amare
931 2093 1114 2165 oporterent
1125 2087 1151 2147 si
1163 2087 1300 2165 aliquan-

262 2215 404 2264 amicorum
426 2211 507 2262 denkc
525 2227 613 2279 causa,
635 2227 688 2263 was
710 2213 737 2264 in
789 2211 909 2263 occidere
920 2212 956 2262 ist
968 2213 1013 2263 des
1025 2213 1184 2276 Aligemeine
1201 2214 1300 2277 (verlo-

227 2282 313 2332 vielcn
323 2282 459 2345 Ansgnhen
469 2279 532 2330 eben
545 2296 574 2330 so
583 2280 738 2345 iihertt'n'ssig
790 2296 834 2331 ren
847 2281 948 2344 gehen),
959 2281 1062 2332 moreni
1068 2283 1133 2331 dano
1146 2290 1227 2333 etwas
1237 2283 1299 2349 Spe·

227 2349 266 2400 als
275 2349 442 2414 regelwidrig
452 2364 501 2399 vor
509 2351 652 2400 otnicorcm
660 2350 737 2400 steht.
790 2348 881 2399 cielles
894 2347 951 2413 (eui
958 2350 998 2400 die
1008 2349 1076 2400 liade
1086 2348 1184 2413 lanien)
1193 2351 1240 2400 mit
1249 2349 1300 2401 sei·
1343 2409 1346 2413 ,

227 2416 259 2467 Ν.
272 2418 301 2468 Ι).
316 2416 344 2468 li.
361 2418 400 2467 14.
414 2418 446 2467 37
453 2436 459 2468 ι
473 2420 504 2467 ut
515 2416 593 2483 clipei
604 2432 686 2467 causa
697 2420 738 2467 ia·
791 2431 846 2467 nem
860 2416 1018 2482 Gegensntzc
1030 2416 1102 2481 folgt.

226 2484 369 2548 volumem,
391 2488 515 2551 vogatium
537 2489 624 2534 aetem
643 2485 736 2550 gladii,
822 2483 1298 2552 piceaequequideinMehraishillig.

227 2553 636 2687 uc
824 2553 1198 2688 ‚iifl

263 2690 606 2828 mtttttttttto
627 2773 674 2823 qo
693 2757 738 2808 ac
791 2689 1218 2821 ,ttiutttdtttthtti
1241 2689 1295 2740 Μ’

229 2826 372 2878 aoivirond.
813 2825 945 2876 'induem
970 2825 1162 2876 heranffiihrenz
1197 2824 1301 2876 homere

261 2895 303 2945 58.
327 2893 418 2959 definit
428 2893 552 2958 ahgrenzt
563 2892 652 2957 durch,
676 2893 700 2943 d.
712 2894 737 2944 h.
791 2892 947 2958 heffenngen
956 2894 1006 2943 nnd
1016 2893 1155 2946 Gedanken
1164 2893 1302 2958 gleichsam

227 2962 383 3014 hesehrdukt
403 2959 448 3013 anf
473 2963 527 3022 (das
547 2961 647 3025 gleiche
668 2961 739 3012 Mass
792 2959 921 3012 anitreten
933 2961 1027 3015 lessen.

228 3030 505 3094 derDienstfertigkeit
513 3030 738 3094 undZnneigung).
826 3044 900 3080 cerae
912 3033 1042 3080 amicitiae
1055 3028 1169 3080 Genitii'.

261 3100 360 3163 weges
387 3103 413 3150 et
434 3097 541 3150 exiliter
571 3097 642 3149 einer
669 3098 740 3148 allzu
826 3099 998 3149 inimiciorem
1009 3101 1140 3148 mnicitiae
1151 3096 1304 3162 Wortspiel.

227 3167 394 3218 kleinenund
407 3166 740 3231 kleinlichenBerechnung
827 3170 894 3216 essct
923 3181 1022 3217 caereo.
1059 3166 1165 3231 subject
1193 3165 1229 3216 ist
1257 3165 1304 3215 dae

226 3234 411 3287 unterwerfen.
792 3233 972 3284 enhestinxmte
994 3232 1067 3285 ‘man’
1092 3234 1167 3299 (quie)
1192 3235 1236 3284 dos
1255 3249 1303 3283 nn·

260 3305 328 3355 ratio
342 3307 500 3371 aeceptmmm
516 3306 542 3353 ct
561 3301 739 3352 datoremdas
792 3301 924 3353 mitteihar
953 3303 1177 3367 vorhergehenden
1206 3303 1303 3353 Satzes.

227 3372 392 3424 Verh'ailtniss
405 3373 451 3421 dor
462 3370 603 3422 Einnahme
612 3370 663 3420 und
671 3368 739 3420 dne
792 3368 916 3420 Deeseibe
929 3370 1004 3420 ‘man’
1016 3371 1053 3420 ist
1065 3370 1128 3421 Cato
1146 3369 1180 3421 Μ.
1190 3368 1256 3423 vul.
1269 3369 1302 3419 25

227 3439 298 3504 gabe.
792 3437 1304 3489 ansdiocioendoznentnehmee.hester

261 3506 374 3568 excidat,
397 3505 503 3573 defluat,
527 3508 680 3572 congeratur
702 3504 740 3555 ist
792 3505 855 3556 aher
877 3506 914 3556 iet
936 3508 981 3556 der
1006 3505 1134 3570 dedente,
1157 3509 1197 3555 ita
1220 3505 1304 3556 odim

227 3589 286 3625 vern
314 3575 416 3628 Messon
446 3574 491 3625 des
516 3573 653 3625 (icti-eides
681 3579 739 3624 ent·
793 3577 909 3642 oportere
927 3574 1303 3640 uteieiiquondoeseeioma-

227 3642 308 3705 lehnt,
324 3643 376 3692 und
388 3643 430 3693 die
441 3640 629 3693 Frenndschait
640 3640 680 3691 ale
693 3641 738 3691 das
792 3645 882 3693 turus:
903 3643 955 3692 wie
975 3645 1039 3693 nach
1050 3643 1175 3694 Diodoros
1190 3641 1247 3692 Xii.
1260 3642 1302 3693 20.

227 3708 298 3761 Mass
319 3719 428 3774 gesetzt
455 3709 527 3762 Noch
548 3711 594 3761 der
617 3710 739 3773 gewdhn-
793 3708 950 3760 tzdoukos
962 3709 1305 3792 gehotpeqdivamirnoic·

228 3777 314 3828 lichen
324 3777 455 3830 Annahne
473 3778 523 3828 soll
537 3778 559 3828 t.
571 3794 622 3828 von
634 3777 739 3828 troche-
791 3778 847 3829 τῶν
875 3775 979 3858 &giobo
995 3775 1202 3832 ἀκαταλλακτον
1224 3777 1305 3846 ἔχειν,

227 3861 276 3897 nen
291 3847 314 3896 2.
326 3863 377 3898 von
390 3845 523 3909 diissigen,
536 3845 562 3896 3.
573 3861 624 3896 von
634 3845 738 3895 troeke-
792 3838 852 3897 itt·
877 3862 947 3896 ουτω
959 3845 1009 3912 τὴν
1020 3846 1126 3920 ἔχθραν
1142 3839 1305 3965 &maturitii-

228 3929 278 3964 non
286 3913 385 3979 Diogen
394 3913 531 3979 gehandelt
542 3913 662 3977 werdon3
675 3912 738 3965 aher
791 3928 857 3977 νειν,
869 3908 907 3970 ὥς
918 3908 1017 3979 ἥξοντα
1029 3914 1115 3967 πάλιν
1123 3916 1161 3972 εἰς
1173 3908 1224 3966 orii
1242 3925 1307 3966 vcw
