2766 4432
198 231 237 292 16
653 229 801 282 Larcius

195 402 300 445 senem
315 384 526 462 disputantem,
543 384 612 463 quia
628 385 707 444 nulla
716 385 870 445 videbatur
885 385 981 464 aptior
995 402 1122 464 persona
1134 404 1210 463 quae
1227 386 1263 445 de

195 469 243 530 illa
259 478 354 530 aetate
367 470 549 548 loqueretur,
565 488 656 548 quam
672 471 734 530 eius
751 471 800 549 qui
817 480 846 531 et
862 470 1028 530 diutissime
1050 488 1141 530 senex
1156 471 1263 531 luisset

195 561 226 613 et
241 554 273 614 in
287 555 350 633 ipsa
366 561 518 615 senectute
541 564 659 631 praeter
680 562 794 615 ceteros
816 555 980 615 floruisset:
1002 556 1044 615 sic
1065 574 1157 634 quum
1178 574 1264 616 acce-

195 639 342 718 pissemus
357 658 373 700 a
388 638 521 718 patribus
537 640 665 699 maxime
681 639 900 700 memorabilem
914 640 943 701 C.
956 639 1045 700 Laelii
1060 651 1090 699 et
1101 640 1133 699 P.
1146 639 1263 718 Scipio-

196 725 243 784 nis
255 724 481 784 familiaritatem
493 724 596 794 fuisse,
612 725 717 786 idonea
729 725 802 785 mihi
813 724 903 785 Laelii
915 742 1043 803 persona
1055 725 1117 786 visa
1130 731 1175 784 est
1187 744 1263 803 quae

196 809 376 873 deamicitia
392 829 425 869 ea
440 810 503 888 ipsa
519 810 691 880 dissereret,
714 829 790 889 quae
805 809 953 888 disputata
969 809 1004 869 ab
1022 829 1056 870 eo
1073 810 1263 869 meminisset

196 894 345 954 Scaevola.
390 895 490 954 Genus
513 904 613 955 autem
628 896 684 956 hoc
699 913 884 967 sermonum,
899 895 1036 973 ‘positum
1056 895 1089 954 in
1104 894 1261 955 hominum

196 986 330 1039 veterum
340 980 515 1040 auctoritate
527 987 557 1039 et
568 998 671 1040 eorum
684 979 854 1049 illustrium,
866 981 982 1058 plus-
991 980 1092 1040 nescio
1106 999 1164 1058 quo
1177 990 1263 1057 pacto

195 1098 238 1106 -
253 1065 370 1125 videtur
385 1063 494 1124 babere
510 1064 667 1141 gravitatis.
698 1064 800 1143 ltaque
817 1065 879 1143 ipse
896 1083 961 1124 mea
976 1066 1078 1142 legens
1095 1065 1138 1125 sic
1153 1064 1265 1125 allicior

160 1159 176 1208 5
194 1149 356 1221 interdum,
373 1157 406 1208 ut
418 1149 569 1221 Catonem,
586 1167 648 1209 non
660 1169 717 1220 me,
733 1149 815 1229 loqui
828 1149 1004 1209 existimem.
1034 1150 1091 1210 Sed
1105 1157 1139 1209 ut
1149 1159 1215 1210 tum
1227 1151 1264 1209 ad

196 1252 301 1294 senem
317 1251 406 1295 senex
421 1234 457 1294 de
472 1242 635 1306 senectute,
652 1234 695 1295 sic
709 1236 766 1294 hoc
781 1235 855 1295 libro
871 1235 907 1294 ad
923 1234 1050 1295 amicum
1065 1235 1264 1295 amicissimus

196 1319 302 1398 scripsi
324 1321 359 1379 de
375 1318 512 1379 amicitia.
543 1320 619 1379 Tum
637 1330 681 1380 est
703 1320 774 1380 Cato
791 1320 918 1396 locutus,
941 1339 999 1399 quo
1017 1328 1079 1379 erat
1095 1338 1183 1381 nemo
1199 1319 1262 1380 fera

197 1404 299 1465 senior
313 1403 499 1483 temporibus
516 1404 580 1477 illis,
603 1424 691 1465 nemo
708 1405 897 1483 prudentior:
913 1423 994 1465 nunc
1016 1404 1142 1477 Laelius,
1165 1411 1195 1465 et
1215 1422 1264 1464 sa-

196 1490 282 1569 piens
299 1489 353 1566 (sic
366 1489 446 1549 enim
459 1499 504 1550 est
515 1489 644 1565 habitus)
661 1498 691 1550 et
703 1489 848 1551 amicitiae
863 1490 954 1567 gloria
971 1489 1126 1562 excellens,
1139 1490 1175 1550 de
1186 1489 1261 1549 ami-

195 1575 261 1635 citia
277 1576 426 1653 loquetur.
455 1574 501 1634 'lu
516 1575 601 1635 velim
619 1595 635 1635 a
651 1595 700 1636 me
715 1575 848 1635 animum
863 1593 1022 1654 parumper
1043 1581 1166 1651 avertas,
1190 1575 1262 1635 Lae-

194 1660 266 1720 lium
281 1660 385 1738 loqur
377 1678 473 1738 ipsum
496 1668 591 1739 putes
623 1661 652 1720 C.
674 1661 857 1721 Fanniuset
846 1661 942 1734 toi
933 1660 1046 1720 Mucius
1067 1661 1104 1719 ad
1123 1677 1260 1720 socerum

194 1745 318 1805 veniunt
333 1753 401 1823 post
417 1754 545 1805 mortem
561 1745 702 1807 Africani:
725 1745 761 1805 ab
784 1745 830 1805 his
852 1764 951 1805 sermo
972 1745 1076 1814 oritur,
1098 1744 1261 1823 respondet
1350 1742 1352 1747 ’

195 1817 329 1890 Laelius:
344 1830 429 1890 cuius
444 1838 505 1890 tota
526 1830 685 1909 disputatio
709 1839 754 1890 est
776 1830 812 1889 de
832 1829 969 1901 amicitia,
995 1849 1084 1909 quam
1107 1831 1208 1908 legens
1231 1837 1262 1890 te

195 1915 258 1994 ipse
275 1933 445 1993 cognosces.

196 2070 297 2134 greisen
312 2068 398 2119 Cato’:
411 2085 443 2117 zu
455 2068 490 2117 ad
499 2084 605 2136 superos
617 2068 701 2118 addeu-

196 2143 238 2189 ιιιι·
250 2138 311 2188 deos
322 2139 407 2204 potius
418 2136 457 2186 lll.
474 2139 513 2188 12.

755 2073 817 2132 toto,
848 2069 956 2118 sondorn
985 2071 1116 2135 priorum3
1152 2067 1264 2118 illustris

755 2138 935 2199 hochgestellt.

228 2237 337 2288 persona
347 2223 388 2272 nie
398 2222 438 2272 die
448 2221 543 2271 Person
554 2222 593 2271 als
606 2221 702 2272 selbst-

196 2290 338 2340 bcwusstcs
368 2290 561 2352 Einzelwescu,
591 2289 699 2340 sondern

197 2365 263 2408 stets
274 2359 298 2407 in
313 2358 451 2408 Rteksieht
463 2356 509 2407 auf
518 2358 560 2408 die
574 2358 647 2407 llolle
660 2357 701 2406 dic

195 2427 299 2477 Jemand
312 2426 404 2492 spielt,
417 2425 462 2476 auf
471 2427 515 2476 das
528 2442 582 2476 was
597 2443 625 2476 er
638 2428 701 2475 nach

197 2494 338 2544 Charakter
355 2496 404 2544 und
423 2495 618 2546 Verhdltnissen
641 2510 701 2543 vor-

196 2562 278 2627 stellt,
291 2564 346 2613 also
360 2563 399 2613 die
412 2562 626 2613 Persdulichlseit.

229 2651 256 2696 ιιι
265 2651 322 2714 ipsa
331 2651 460 2697 senectuto.
474 2648 524 2696 Das
535 2647 610 2697 Alter
620 2646 702 2696 selbst

198 2716 266 2765 wird
284 2718 330 2766 der
348 2716 439 2776 langen
457 2718 541 2766 Dauor
566 2715 699 2765 desselben

197 2784 456 2848 gegeniibengestellt

228 2873 333 2936 praehet
353 2874 446 2919 ceteros
467 2869 533 2918 ‘vor'
556 2870 638 2935 allen„
649 2872 700 2919 An·

197 2937 266 2999 dern,
291 2938 337 2987 mit
355 2940 408 2987 dem
427 2938 535 3000 Begrillc
558 2939 602 2987 des
620 2924 700 2988 Uber-

195 3005 294 3054 holeus.
321 3007 439 3073 Dagegen
464 3007 552 3056 wiirdc
574 3022 639 3072 prae
662 3022 701 3054 co-

196 3075 286 3135 torus,
279 3091 304 3123 ιιι
319 3062 365 3124 der
377 3083 453 3136 gutcn
468 3075 593 3140 Ιιιιιιιιιιιιι
607 3091 654 3123 nur
666 3075 702 3123 ‘iu

196 3141 340 3205 Vergleiolr’
362 3144 407 3191 mit
431 3144 477 3191 deu
504 3143 628 3206 Ubrigen‚
656 3143 701 3191 dns

198 3208 280 3259 Gliick
298 3211 342 3259 des
361 3211 422 3260 Cato
441 3211 464 3259 in
484 3212 566 3261 einern
583 3212 701 3260 ziemlich

196 3277 379 3328 bedenlrliehcn
420 3279 511 3328 Lichtc
551 3280 699 3329 crscheinen

198 3346 292 3396 lossen.

229 3434 361 3498 floruisset
372 3432 500 3496 gliicklicb
509 3446 625 3495 gewcsen
637 3448 699 3481 war.

196 3501 275 3551 Nicbt
287 3517 318 3551 an
329 3502 516 3564 lugeudbliitlre
528 3501 576 3549 und
589 3501 701 3562 lugend-

197 3569 306 3632 lrische,
326 3571 433 3619 sondern
453 3571 514 3619 cher
532 3585 562 3617 an
582 3569 623 3618 die
638 3570 700 3617 Cato

196 3638 230 3688 Μ.
243 3636 280 3687 lll.
297 3640 311 3688 8
333 3639 479 3688 orwdhnten
500 3653 560 3703 opes
577 3642 600 3686 el
615 3639 701 3703 copias

196 3711 220 3755 el
231 3704 385 3771 dignitatem
396 3707 441 3755 hat
453 3722 508 3755 man
522 3722 553 3754 zu
566 3705 671 3755 denken.

227 3778 339 3840 positum
362 3778 387 3823 in
412 3778 562 3823 auctoritate
586 3774 626 3822 die
648 3773 701 3822 sich

197 3841 243 3891 aui
252 3844 296 3891 das
307 3840 427 3892 Anseheu
440 3843 528 3891 stiitzt.

229 3915 341 3961 velerum
366 3912 436 3960 nicht
454 3914 629 3976 provectorum
654 3924 699 3957 ae-

788 2208 872 2254 nescio
889 2221 935 2270 quo
944 2209 1019 2271 puoto
1040 2203 1200 2253 ‘wundcrbar
1216 2218 1261 2266 ge-

756 2271 827 2337 nug’‚
844 2274 892 2336 εἰς.
908 2274 950 2323 ich
963 2272 1039 2322 weiss
1053 2273 1124 2322 nieht
1141 2273 1261 2334 vermdge

755 2344 866 2392 welches
880 2342 1056 2391 dbkommeus

788 2427 846 2460 mco
857 2411 903 2459 mit
917 2411 989 2460 einer
1002 2409 1184 2458 beschoidenen
1200 2405 1263 2455 [ιιι-

755 2479 853 2542 siglrcit
865 2477 907 2526 iiii
924 2479 1016 2528 librum
1032 2491 1119 2525 mcum
1137 2475 1176 2533 lde
1193 2490 1262 2523 sene·

755 2549 844 2608 ctutelz
858 2547 924 2596 beiru
934 2546 1016 2596 Lesen
1029 2545 1136 2594 ιιιιιιιιιιιι·
1146 2541 1261 2592 Sathen.

790 2612 986 2677 5.,Sau'Doch
1008 2629 1048 2662 um
1062 2629 1109 2662 zur
1122 2611 1201 2662 Saobe
1218 2627 1263 2659 zu·

755 2617 961 2742 riiclizulichren3
988 2686 1055 2743 ιιιιιι,
1084 2681 1123 2730 als
1148 2680 1189 2729 ich
1212 2680 1261 2729 deu

755 2750 817 2800 Cato
832 2749 967 2800 vorlasste.
996 2747 1114 2799 Genauer
1127 2749 1166 2798 uls
1176 2749 1221 2797 boc
1233 2747 1264 2796 li-

754 2821 798 2869 bro
821 2819 908 2868 wiirde
929 2819 1023 2868 diesem
1044 2823 1098 2867 ιιιιιι
1120 2817 1184 2867 auch
1205 2817 1263 2865 hier

756 2903 830 2949 nunc,
844 2888 905 2937 oder
922 2887 978 2936 dem
994 2888 1040 2936 boc
1057 2887 1122 2936 libro
1141 2886 1182 2935 eiu
1201 2900 1263 2933 vor-

754 2955 922 3017 aulgebendes
935 2954 978 3005 uto
992 2955 1056 3005 libro
1070 2953 1248 3018 cntsprechen.

790 3022 825 3072 ad
835 3040 920 3072 senem.
932 3040 1010 3073 serrem
1021 3023 1052 3072 de
1064 3026 1190 3072 senectute
1205 3021 1261 3069 eine

755 3108 776 3140 s.
789 3107 813 3154 g.
827 3092 975 3142 Traductio.

789 3163 825 3208 sic
837 3165 874 3209 ast
886 3162 989 3210 babitus
1002 3176 1029 3209 so
1043 3161 1089 3209 soh
1102 3173 1157 3207 man
1167 3157 1210 3205 ilm
1221 3173 1260 3206 an.

779 3233 871 3278 ¹orttau·
883 3251 916 3269 =
928 3231 1058 3294 incipitur.
1090 3226 1133 3276 Sic
1151 3226 1260 3276 erilincn

756 3297 800 3345 das
817 3296 955 3362 Gespr'dcb.

790 3369 829 3413 est
842 3365 911 3414 nicht
924 3365 970 3414 mit
982 3364 1013 3414 da
1025 3365 1141 3412 arnicitr'a
1153 3379 1184 3411 zu
1197 3377 1262 3411 ver-

755 3431 847 3481 bindcn
863 3433 994 3494 (bandeltl,
1009 3431 1118 3481 sondcrn
1129 3431 1176 3481 mit
1188 3433 1261 3479 cuius

756 3502 795 3562 (er
807 3500 871 3559 halt)
880 3518 886 3530 ¹
863 3501 1035 3566 bdirputatio
1045 3499 1076 3548 de
1085 3501 1176 3548 αιιιιιιι
1176 3501 1202 3548 ια
1211 3498 1261 3547 wie

755 3568 771 3633 ξ
784 3568 799 3617 3
812 3584 963 3618 scribonem

789 3639 886 3702 tcipse.
914 3637 971 3686 Man
991 3638 1062 3686 hatte
1080 3635 1221 3696 allerdings
1239 3638 1261 3682 te

755 3707 840 3770 iprum
858 3712 994 3765 erwartet,
1016 3706 1055 3755 als
1073 3700 1118 3752 den
1139 3703 1260 3751 n'dchsten

756 3773 900 3836 Gcgensatz
910 3789 988 3836 gelren
997 3770 1073 3822 recob
1074 3771 1179 3820 αιιιιιιιιι.
1192 3769 1261 3819 Αιιιιι

755 3841 795 3890 die
822 3841 970 3891 lateinische
995 3842 1107 3906 Spracbe
1136 3841 1179 3887 hat
1203 3837 1260 3885 eine

755 3909 933 3958 cntschiedene
947 3909 1084 3971 Vorlicbc‚
1101 3907 1145 3955 das
1163 3904 1261 3954 Prono-
