2766 4432
178 219 220 284 62
488 260 499 267 ,
626 216 775 270 nannius.

176 375 219 436 las
234 375 363 445 redeam,
371 372 492 434 Troiam
499 371 713 452 Neoptolemus
719 391 824 451 capere
836 372 993 450 potuisset,
1006 372 1031 432 si
1037 370 1248 450 Lycomedem,

177 461 255 539 apud
271 478 360 538 quem
376 465 440 519 erat
456 459 608 529 educatus,
623 459 725 520 multis
742 477 810 519 eum
825 456 953 518 lacrimis
968 457 1026 518 iter
1045 475 1133 517 suum
1150 456 1250 535 impe·

113 624 115 626 v
177 545 308 606 dientem
324 544 427 604 audire
441 543 598 615 voluisses
612 551 645 604 et
659 562 749 622 saepe
760 543 896 604 incidunt
908 560 1033 622 magnae
1044 561 1092 603 res
1105 549 1138 601 ut
1150 541 1248 602 disce·

178 631 309 691 dandum
325 629 365 689 sit
380 629 416 690 ab
431 627 541 700 amicis,
558 647 631 707 quas
646 629 697 707 qui
714 628 860 707 impedire
880 629 943 689 vult
965 627 1044 707 quod
1066 627 1248 688 desiderium

175 733 238 777 non
252 715 338 775 facile
352 715 437 785 ferat,
464 715 489 774 is
505 722 534 774 et
559 715 696 774 infirmus
712 721 758 775 est
783 713 941 792 mollisque
956 721 1064 774 nature
1082 721 1112 774 et
1128 712 1166 773 oh
1181 730 1248 773 eam

125 803 158 862 tt
178 801 273 881 ipsam
289 818 408 861 causam
425 800 455 859 in
471 799 598 861 amicitia
615 818 722 878 parum
737 799 842 860 iustus.
872 798 969 878 Atque
984 799 1015 858 in
1032 797 1115 858 omni
1129 816 1162 858 re
1175 815 1251 858 eon·

178 885 369 947 siderandum
387 893 432 946 est
447 884 564 964 etquid
579 886 714 964 postules
730 884 766 946 ala
781 885 886 955 amico,
909 883 1024 962 etquid
1046 883 1157 962 patiare
1180 901 1196 944 a
1215 890 1249 943 te

111 1017 114 1023 ,
178 970 341 1050 impetrari.
931 994 934 999 ·

101 1128 103 1132 Α
264 1055 341 1116 XXI.
363 1055 416 1117 Est
431 1055 520 1117 etiam
536 1049 679 1133 quaedam
696 1054 853 1124 calamitas,
868 1054 900 1114 in
914 1053 1051 1114 amicitiis
1063 1052 1251 1115 dimittendis

178 1159 393 1220 nonnunquam
409 1140 592 1201 necemaria:
609 1140 666 1200 iam
683 1139 762 1199 enim
779 1158 796 1198 a
811 1139 992 1218 sapientium
1003 1139 1250 1202 familiaritatibus

180 1226 217 1287 ad
233 1226 366 1304 vulgares
380 1224 527 1287 amicitias
541 1224 636 1285 oratio
652 1232 755 1285 nostra
774 1224 930 1285 delabitur.
964 1225 1134 1303 Erumpunt
1159 1243 1251 1304 saepe

179 1311 248 1373 vitia
263 1311 438 1382 amicorum,
465 1318 528 1371 tum
555 1310 587 1370 in
603 1310 686 1389 ipsos
700 1309 813 1370 amicos
835 1309 945 1370 lumin
972 1310 1093 1382 alienos,
1118 1328 1249 1388 quornm

180 1405 281 1458 tamen
293 1396 329 1456 ad
342 1396 454 1457 amicos
466 1395 752 1457 redundetinfamia.
769 1395 856 1455 Tales
866 1394 1110 1474 igituramieitiae
1122 1403 1249 1456 snutre-

179 1482 323 1544 missione
338 1500 411 1542 usus
427 1480 579 1551 eluendae,
594 1487 625 1541 et
639 1513 680 1525 -
695 1489 731 1541 ut
740 1480 883 1540 Catonem
899 1480 998 1541 dicere
1013 1481 1110 1541 audivi
1128 1513 1171 1526 -
1186 1481 1249 1541 dis-

179 1567 310 1629 suendae
325 1566 420 1644 magis
437 1584 527 1645 quam
543 1564 769 1626 discindendae:
789 1565 847 1625 nisi
861 1565 1006 1644 quaedam
1022 1566 1184 1628 admodum
1199 1567 1249 1627 in·
1359 1612 1366 1625 .

177 1651 340 1713 tolerabilis
355 1652 462 1712 iniuria
489 1651 641 1724 exarserit,
657 1657 693 1711 ut
713 1668 813 1730 neque
831 1660 948 1711 rectum
967 1669 1066 1730 neque
1084 1651 1248 1715 honestum

211 1821 394 1890 Neoptolemus.
417 1820 495 1883 'froja
509 1821 603 1871 lenate
616 1820 685 1870 nieht
744 1851 761 1859 —
773 1825 829 1871 turn
840 1821 911 1871 wiire
924 1784 1086 1873 unstattlmlt.

177 1892 280 1943 erobert
292 1893 395 1942 werden
415 1891 478 1940 ohne
491 1889 621 1941 Philoetot
633 1889 685 1939 und
772 1904 878 1954 quornm
897 1890 972 1940 niiml.
995 1893 1022 1940 io
1043 1891 1141 1943 alienor
1160 1907 1248 1943 mum·

176 1960 355 2025 Neoptolemus
378 1957 526 2026 (Pyrrhus),
550 1958 598 2008 den
616 1957 684 2006 Solan
735 1958 992 2024 pontrumadtiomm.

177 2031 221 2081 dee
228 2026 344 2078 Achilles
356 2028 407 2076 und
419 2028 464 2076 der
471 2024 609 2089 Deidamia,
622 2025 685 2075 wel·
771 2025 902 2077 redundet.
938 2027 990 2078 Der
1005 2026 1079 2092 Conj.
1097 2027 1247 2079 bazeiehnet

177 2099 238 2148 cher
255 2095 296 2147 bei
315 2096 410 2146 eeinem
427 2092 584 2147 Grossvnter
602 2093 685 2158 Lyco-
738 2093 797 2144 aine
820 2095 988 2147 wesentliclie
1006 2095 1174 2158 lligeneeluft
1196 2096 1248 2147 und

176 2167 262 2217 medea
284 2163 330 2214 aul
350 2162 446 2229 Scyros
471 2176 582 2225 eraogen
602 2161 684 2211 ward.
737 2161 916 2226 nothwendige
928 2164 1009 2229 llolge
1020 2165 1107 2215 dieser
1120 2163 1220 2215 Fallet.

176 2234 232 2285 Dan
243 2233 354 2295 Nomen,
372 2231 483 2281 welcher
496 2230 597 2294 ‘jungar
608 2227 684 2279 lirio-
772 2233 922 2281 masmana
936 2248 1002 2283 nme
1021 2233 1100 2283 darell
1120 2232 1162 2282 eie
1184 2233 1245 2294 (all-

177 2299 232 2368 gsr'
249 2301 377 2363 tetemet,
395 2299 491 2349 erliielt
510 2314 539 2349 er
556 2298 616 2349 weil
628 2298 685 2348 sein
737 2298 887 2361 manliehes)
899 2296 1057 2351 Nachlassen
1072 2302 1110 2353 ‚im
1125 2300 1247 2366 Umgaug.

176 2371 259 2423 Vater
276 2368 393 2418 Achilles
409 2367 476 2431 jung
493 2367 520 2416 in
537 2367 586 2416 deu
604 2363 685 2429 liricg
739 2365 876 2416 Wesshalla
889 2367 958 2418 nieht
969 2370 1173 2420 intermiseram?

178 2456 233 2504 τος,
270 2434 509 2487 mantuensem
527 2433 684 2487 eonfercen
771 2432 855 2486 duero
888 2435 959 2486 nieht
994 2432 1096 2502 ‘sagen'‚
1133 2438 1245 2489 sandoro

177 2504 284 2570 liampfa
304 2505 350 2554 des
366 2503 511 2571 Odysseae,
533 2502 608 2553 lsaalr
627 2518 685 2554 vom
739 2502 807 2553 ‘daeo
835 2517 864 2554 er
893 2506 971 2568 aagta’
1005 2508 1068 2556 oder
1093 2506 1137 2555 ‘nn
1168 2521 1247 2569 sagea

177 2577 279 2628 Laehen
288 2571 467 2625 desAbralram
479 2572 530 2621 und
542 2571 685 2633 derSarah,
738 2571 846 2636 poegte’.
876 2572 953 2623 danes
965 2576 1035 2625 wira
1046 2574 1179 2625 dicentem

177 2641 463 2697 Sehmereenreichvon
476 2638 685 2691 denSelnnerzeo
772 2637 1155 2694 mamm-desonam.
1195 2643 1248 2692 liae

178 2714 224 2767 der
237 2710 374 2764 Genoveva
393 2709 439 2758 den
451 2706 549 2759 Nomen
560 2706 685 2760 erhulten.
737 2706 1021 2761 Anseiaaudertrennen
1039 2713 1089 2763 und
1105 2711 1247 2762 Anseiuau-

213 2797 271 2833 eum
283 2778 399 2828 mammis
411 2774 513 2833 ‘anteit
738 2775 883 2826 dormisses
893 2785 951 2839 east
960 2778 1144 2844 demolienda
1154 2781 1185 2830 de
1196 2777 1245 2829 Off.

212 2845 391 2916 impedientem
407 2845 463 2896 hier
480 2845 560 2895 durch
575 2845 621 2911 qui
635 2844 685 2893 im·
737 2841 757 2893 Ι.
776 2844 817 2895 33.
837 2844 886 2895 120
904 2849 1002 2897 ausim
1020 2847 1119 2899 elidum
1139 2847 1191 2898 und
1205 2863 1249 2898 re⁴

176 2916 300 2985 pelliciat,
323 2913 367 2964 das
384 2930 404 2963 s.
417 2930 440 2978 g.
458 2911 634 2978 Imperfectum
654 2907 699 2962 dc‘
736 2913 967 2980 pentepoaeeidera
980 2917 1151 2978 (abbreeliea).
1180 2915 1249 2965 nass

179 2990 270 3036 conatu
282 2982 442 3034 anlzulo'sen:
462 2998 490 3032 so
498 2979 624 3049 vdt'rn'denti
635 2979 685 3029 und
739 2981 812 3042 dost,
833 2980 884 3032 wie
903 2998 931 3033 cs
948 2986 1012 3035 auch
1030 2986 1073 3035 dia
1089 2983 1169 3052 ngd
1186 2997 1246 3033 ver·
1313 2994 1325 3013 ⁰

178 3048 488 3105 manutenendum.
510 3052 549 3101 11.
566 3047 624 3099 XV.
644 3049 685 3097 54.
738 3047 843 3113 langen,
867 3048 965 3101 deluere
991 3080 1025 3089 —
1051 3052 1094 3103 fdr
1113 3053 1159 3102 duo
1180 3050 1247 3101 mei-

213 3118 389 3172 diaeedendum
428 3140 444 3160 =
483 3113 685 3184 digrediendum.
739 3117 807 3182 pirte
824 3116 941 3170 dissuere
957 3144 992 3157 -
1007 3122 1121 3171 sulem
1133 3119 1246 3169 iatwird

180 3189 280 3239 Anders
293 3185 348 3238 ΧΠ.
362 3186 403 3237 42.
739 3200 830 3236 ausser
842 3184 950 3238 Zwaifel
961 3189 1076 3251 gestallt
1097 3203 1172 3238 wenn
1189 3202 1252 3236 maa·

214 3249 411 3324 quacqni‘und'
425 3253 569 3305 werdiese.
741 3253 850 3305 bedeekt
873 3254 933 3306 desa
956 3255 1054 3308 dosera
1080 3256 1145 3307 abac
1168 3257 1245 3305 darei

207 3328 292 3394 first
326 3323 353 3375 ln
372 3325 427 3373 dem
440 3321 592 3388 Conjunetiv
609 3319 686 3384 liagt:
739 3322 1049 3388 sensimdiesseueutung
1065 3341 1115 3375 von
1131 3323 1250 3375 oseem

180 3410 212 3444 zu
224 3401 315 3458 tragon
327 3392 424 3455 glanbt.
682 3423 686 3429 ·
739 3391 832 3452 erhilt„
844 3391 1250 3461 wiepneca'daradnrelrrepaute

215 3464 255 3514 76.
274 3464 359 3526 Atque
376 3457 623 3509 zusammeelasaond
635 3456 688 3506 nd
740 3459 781 3509 die
794 3474 844 3509 von
856 3459 1004 3512 dz'aoioderu.

179 3530 381 3583 abeeldieseead:
394 3527 458 3581 ‘Und
470 3524 515 3578 eo'.
774 3531 906 3578 weard
922 3531 1114 3581 natarseliaidet
1128 3529 1185 3580 ciel
1196 3544 1247 3578 von

213 3596 285 3649 XXI.
306 3601 334 3648 a'n
345 3598 379 3646 ‘in
393 3593 499 3647 uorem
522 3594 585 3645 oder
596 3593 647 3647 ‘wo
659 3608 687 3644 eo
740 3600 832 3647 worda
853 3599 890 3646 adt
912 3597 1012 3661 (fumet)
1031 3600 1111 3649 durolr
1128 3599 1177 3648 den
1192 3597 1249 3647 bai-

180 3663 344 3730 gutzxvll.
358 3665 399 3716 63.
591 3710 594 3715 .
741 3663 896 3728 gemisclaten
922 3667 1020 3730 flegriff
1037 3668 1083 3718 dor
1102 3665 1247 3730 gffiheeden

214 3739 359 3786 messenia
370 3730 579 3785 nuvermeidlicli.
678 3771 681 3775 ,
740 3730 928 3784 nordemanne.

213 3796 653 3865 ddumazxxvl.1oodefloett
775 3814 957 3867 aequomque,
975 3817 1033 3853 uae:
1051 3802 1247 3854 niclrtdroieo·

214 3865 596 3922 tum-tum=modo-modo:
610 3878 689 3930 qaum
742 3869 871 3920 ordinirte
896 3869 1013 3936 Gliader,
1038 3872 1150 3922 sordere
1173 3869 1251 3926 avet,
