2766 4432
595 238 743 294 habmus.
1078 275 1080 279 «
1156 241 1199 303 27

130 415 192 459 non
207 416 304 478 parva.
335 398 430 471 Quam
442 397 479 459 ob
492 415 557 459 rem
570 415 646 476 quae
662 396 806 475 disputari
817 396 854 457 de
866 395 994 457 amicitia
1010 401 1145 475 possunt,
1161 394 1197 455 ab

131 483 173 544 eis
188 500 298 545 censeo
318 483 425 562 petatis
447 482 499 562 qui
519 482 574 543 ista
589 482 777 560 profitentur.
808 482 869 560 Ego
884 500 937 541 vos
952 481 1065 542 hortari
1079 488 1197 541 tantum

129 586 268 647 possum,
285 575 320 628 ut
333 567 492 629 amicitiam
508 566 649 628 omnibus
665 566 754 627 rebus
769 566 909 628 humanis
925 565 1132 645 anteponatis;
1148 565 1196 624 ni-

129 653 171 713 bil
187 661 232 714 est
247 653 328 714 enim
343 662 405 713 tam
421 661 543 713 naturae
558 660 676 730 aptum,
695 659 756 712 tam
772 652 956 712 conveniens
972 651 1071 711 adres
1088 650 1133 710 vel
1147 668 1197 710 se-

130 738 243 799 cundas
259 740 305 800 vel
320 738 468 799 adversas.
496 737 556 798 Sed
570 738 627 797 hoc
641 737 772 816 primum
788 737 894 808 sentio,
911 736 969 796 nisi
980 736 1109 796 inbonis
1122 734 1198 795 ami·
1220 741 1252 793 18
1351 736 1353 741 '

129 823 230 884 citiam
246 842 313 884 esse
325 842 387 883 non
398 842 497 901 posse.
519 822 623 902 Neque
636 822 713 882 idad
727 822 948 893 vivumreseco‚
965 830 998 881 ut
1008 821 1050 881 illi
1063 820 1114 899 qui
1125 820 1198 880 baec

129 908 268 968 subtilius
284 909 452 968 disserunt:
474 909 598 968 fortasse
613 925 692 980 vere,
708 908 762 967 sed
777 906 814 966 ad
830 924 1021 967 communem
1039 906 1198 966 utilitatem

129 1011 246 1072 parum.
274 992 389 1072 Negant
404 992 484 1053 enim
499 1010 678 1072 quemquam
695 1011 760 1052 esse
773 992 868 1052 virum
881 991 996 1053 bonum
1008 990 1067 1051 nisi
1079 989 1198 1069 sapien-

128 1086 201 1138 tem.
228 1077 272 1138 Sit
284 1078 325 1138 ita
337 1096 418 1139 sane.
442 1077 502 1138 Sed
515 1096 580 1137 eam
592 1077 767 1156 sapientiam
781 1077 1026 1155 interpretantur,
1043 1094 1131 1155 quam
1144 1074 1197 1134 ad-

129 1163 188 1223 huc
209 1163 349 1225 mortalis'
363 1180 452 1224 nemo
473 1171 519 1224 est
539 1172 733 1231 consecutus;
755 1181 810 1222 nos
826 1170 924 1222 autem
942 1181 974 1222 ea
991 1180 1065 1240 quae
1080 1158 1198 1221 suntin

89 1306 98 1322 ,
130 1266 187 1307 usu
201 1246 319 1328 vitaque
335 1248 501 1321 communi,
521 1265 582 1308 non
599 1267 631 1308 ea
647 1266 723 1326 quae
738 1248 893 1325 linguntur
907 1256 957 1306 aut
972 1254 1112 1325 optantur
1128 1262 1198 1323 spe-

130 1340 211 1393 ctare
232 1334 384 1395 debemus.
422 1333 579 1413 Nunquam
601 1352 654 1412 ego
671 1333 766 1392 dicam
783 1333 812 1392 G.
829 1331 997 1392 Fabricium
1011 1330 1058 1390 Μ’.
1075 1331 1196 1391 Curium

130 1417 173 1478 ri.
191 1418 424 1489 Coruncanium,
447 1437 522 1497 quos
540 1419 691 1497 sapientes
707 1417 803 1478 nostri
818 1417 946 1477 maiores
961 1415 1143 1486 iudicabant,
1160 1415 1197 1475 ad

129 1503 256 1563 istorum
272 1520 410 1564 normam
426 1505 517 1564 fuisse
534 1503 691 1582 sapientes.
720 1504 816 1577 Quare
826 1501 881 1562 sibi
894 1501 1021 1562 habeant
1033 1500 1197 1579 sapientiae

130 1605 253 1659 nomen,
265 1596 295 1649 et
307 1588 489 1649 invidiosum
501 1595 531 1648 et
543 1588 717 1649 obscurum:
731 1588 895 1648 concedant
907 1595 940 1647 ut
951 1586 982 1647 hi
992 1586 1197 1647 viribonifue-

726 1757 783 1790 earn
803 1772 823 1778 -
848 1757 925 1805 quam
948 1741 1109 1790 Attraotion:
1132 1741 1197 1791 nach

691 1808 763 1858 ihrer
785 1808 934 1870 Erkl'irung
963 1809 999 1857 ist
1030 1810 1130 1870 (wiire)
1155 1808 1197 1858 die

692 1875 821 1927 Weisbeit
833 1877 923 1927 ‘etwas
936 1876 997 1926 wns'
1010 1877 1050 1926 od.
1063 1876 1115 1926 ‘ein
1128 1875 1197 1926 Ideal

690 1945 817 1994 welches'.

724 2016 752 2062 in
772 2030 822 2063 usu
842 2016 940 2078 udaque
960 2015 1091 2062 cornmuni
1106 2012 1131 2061 in
1151 2013 1197 2062 der

129 1741 272 1807 Sophisten.

163 1810 331 1876 disputari
357 1808 386 1858 de
414 1811 544 1859 amr'ciiia:
574 1809 637 1858 kurz

131 1878 225 1927 vorher
237 1877 430 1927 deamicitia
442 1877 596 1943 disputaris.

164 1947 209 2011 qui
228 1948 282 1995 ista
300 1946 452 2012 profitentur
473 1946 550 1995 deren
568 1944 638 1995 Faeh

130 2014 186 2064 dies
208 2014 251 2079 ist,
273 2013 321 2077 eig.
344 2014 386 2063 die
408 2013 462 2063 sich
481 2030 513 2062 zu
532 2014 636 2064 solchen

129 2082 322 2145 Er'o'rteruugen
339 2084 389 2132 und
401 2082 547 2143 Vortrigeu
563 2082 635 2144 (isia)

128 2149 272 2201 bekenneu:
292 2149 344 2202 vll.
357 2151 389 2199 24
402 2150 435 2199 ab
446 2151 489 2212 iis,
501 2152 526 2198 si
538 2149 635 2199 uidebi-

130 2223 182 2282 tur,
194 2221 239 2283 qui
249 2221 302 2268 isia
313 2218 445 2285 disputant
456 2220 600 2282 quaeritate.

164 2288 240 2338 rebus
251 2287 379 2336 numanus.
403 2286 486 2335 Dumit
497 2286 596 2336 binnan
609 2285 635 2334 in

130 2355 177 2406 der
188 2354 353 2418 Verbiudung
365 2354 412 2404 mit
423 2357 580 2420 anteponatis
593 2370 637 2404 na-

131 2422 229 2473 tiirlicb
246 2438 294 2472 nur
307 2422 418 2472 indische
432 2421 514 2472 Giiter
524 2422 636 2487 gemeint

132 2506 198 2541 seru.

164 2558 230 2608 nibil
244 2563 282 2608 est
298 2561 366 2608 enirn
380 2560 429 2608 und
442 2559 509 2608 nibil
519 2561 588 2609 enim
599 2561 637 2608 esi

130 2641 211 2689 genno
224 2626 275 2676 wie
286 2626 433 2677 incredibile
444 2630 483 2676 est
492 2629 561 2677 enim
571 2626 635 2676 deun

131 2709 159 2744 es
178 2694 213 2745 ist
229 2694 406 2757 unglaublieh‚
422 2695 474 2743 und
491 2693 636 2745 incredibile

130 2763 197 2811 enim
209 2766 248 2812 est
257 2763 321 2812 deun
330 2762 496 2824 uuglaublicb
506 2766 542 2812 ist
551 2778 591 2813 es:
605 2763 638 2812 im

131 2830 242 2880 zweiteu
265 2828 338 2880 Folle
362 2830 427 2879 wird
452 2829 569 2881 schirier
592 2831 637 2879 dns

73 2950 76 2955 ,
131 2897 247 2948 einzelue
265 2894 344 2948 Wort
364 2898 460 2948 betout.
499 2899 556 2961 Vgl.
580 2896 638 2948 Non

131 2968 199 3016 enim
222 2969 259 3016 eet
280 2967 421 3016 inhumana
441 2964 510 3017 xlv.
532 2968 564 3016 50
586 2967 636 3015 und

130 3033 262 3084 Imbecillus
274 3036 342 3083 enirn
354 3037 394 3084 esi
406 3033 486 3085 xvll.
501 3035 541 3085 63.

168 3104 207 3154 18.
227 3101 284 3153 Sed.
303 3102 394 3152 Lurius
403 3102 563 3152 unterbrieht
573 3103 637 3165 sich,

131 3186 173 3220 um
193 3188 242 3221 vor
263 3171 331 3220 allen
351 3170 449 3234 Diogen
471 3171 512 3220 die
529 3170 638 3221 Ansicht

132 3239 348 3304 auszusprechen,
373 3239 432 3288 dass
456 3239 498 3288 die
523 3238 638 3288 Freuud-

133 3305 216 3357 schait
229 3323 276 3357 nur
285 3307 419 3357 iuuerbalb
430 3307 474 3357 des
484 3305 637 3356 bescbriink-

132 3381 177 3424 ten
190 3373 295 3424 lireises
314 3375 359 3424 der
371 3375 455 3426 Guten
468 3375 578 3438 miglich
591 3375 636 3424 sei.

167 3444 196 3492 in
207 3444 289 3492 bonis:
303 3442 393 3494 XVlil.
406 3446 439 3494 65
451 3446 520 3493 inter
533 3445 614 3492 banos.

167 3510 253 3576 Neque
269 3510 305 3560 id.
339 3509 411 3561 Wir:
432 3513 502 3562 Doeb
523 3512 579 3560 will
599 3511 640 3560 ich

131 3581 178 3629 das
190 3580 261 3629 nieht
273 3578 321 3629 mit
332 3579 388 3628 dem
400 3580 571 3631 Secirmesser
583 3594 640 3629 zer—

134 3648 215 3710 legen.

167 3714 207 3765 iiii
225 3716 270 3779 qui
287 3715 349 3763 baec
369 3715 486 3765 subtilius
503 3715 640 3776 disserunt,

134 3783 176 3833 die
188 3782 305 3833 Stoiker:
318 3781 347 3832 11.
361 3783 375 3830 7
389 3788 521 3846 quaerunt.

167 3851 282 3917 fortasse
298 3865 365 3901 ecre:
383 3851 463 3902 deuke
476 3851 640 3914 disserentes,

133 3918 353 3970 niehtdisseruni.

689 2079 781 2130 Praxis
806 2082 850 2132 des
870 2081 1061 2144 gewiihnlicben
1084 2079 1195 2131 Lebens:

691 2148 730 2199 ein
744 2166 763 2199 s.
778 2164 802 2212 g.
813 2150 997 2215 Henuiauyoin
1012 2150 1035 2199 d.
1046 2150 1071 2199 h.
1081 2149 1123 2199 eiu
1134 2150 1197 2212 (mo-

689 2216 824 2279 dificirter)
837 2217 934 2281 Begriff
943 2218 1021 2267 durch
1034 2218 1099 2267 zwei
1111 2218 1197 2280 (coor-

690 2285 795 2346 dinirte)
808 2285 925 2350 Bcgriffe.

724 2352 807 2402 dicam
832 2352 936 2404 ‘wiirde’
963 2354 1118 2418 behauptem
1143 2354 1197 2416 vgl.

689 2420 759 2472 xvi.
771 2423 803 2472 59
813 2438 913 2472 neeesse
923 2425 980 2484 erit,
995 2421 1056 2471 XX.
1068 2422 1100 2471 74
1107 2425 1198 2489 postu-

690 2490 783 2540 labunt.

727 2558 753 2607 O.
770 2557 928 2608 Fabricium.
959 2557 986 2606 C.
999 2556 1133 2607 Fabricius
1145 2556 1197 2606 Lu·

690 2625 786 2688 seinos,
801 2625 880 2675 durch
898 2625 968 2674 scine
987 2633 1092 2687 strange
1105 2624 1198 2676 Recht-

692 2693 802 2743 liobkeit
824 2695 873 2742 und
893 2692 1145 2744 Unbestechlichkeit
1162 2693 1197 2742 im

693 2759 789 2826 liriege
801 2777 878 2825 gegcu
892 2761 1006 2827 Pyrrhus
1019 2761 1144 2821 beriibmt‚
1157 2776 1197 2810 um

692 2829 742 2879 280
754 2846 778 2879 v.
792 2829 851 2879 Chr.

727 2896 771 2947 Μ’.
787 2897 901 2948 Curium.
931 2892 974 2946 Μ’.
991 2897 1084 2947 Curius
1103 2896 1199 2946 Denta-

691 2974 746 3028 tus,
764 2965 874 3015 bekannt
893 2965 971 3015 durch
987 2964 1058 3014 seine
1071 2963 1198 3029 Uueigen·

691 3033 838 3096 niitzigkeit
855 3034 905 3082 und
920 3031 1127 3096 Genugsamuein
1148 3032 1199 3082 tri·

690 3102 816 3168 umphirte
827 3101 891 3151 iiber
904 3102 944 3150 die
955 3101 1083 3151 Samniter
1092 3099 1199 3151 Subiner

691 3172 741 3219 und
754 3169 878 3236 Pyrrhus.

731 3236 769 3289 Ti.
793 3237 987 3287 Coruncanium.
1023 3235 1079 3285 Tib.
1102 3237 1200 3287 Corun-

693 3306 790 3366 canius,
810 3305 905 3355 Consul
919 3304 977 3368 280,
995 3303 1105 3370 kimpite
1119 3318 1199 3367 gagen

692 3375 734 3425 die
752 3389 803 3422 von
816 3374 863 3423 deu
876 3371 1047 3423 Tarentinern
1060 3371 1200 3436 uuigewie-

693 3443 777 3506 gulten
793 3441 925 3497 Etrusken
942 3441 992 3489 unul
1004 3455 1059 3489 war
1072 3440 1139 3504 (252)
1153 3441 1199 3490 der

694 3517 763 3562 erste
776 3508 896 3559 Pontifex
909 3508 1036 3558 Maximus
1053 3524 1099 3558 aus
1114 3508 1200 3573 plebc'-

691 3579 801 3642 jischem
814 3577 974 3627 Gesehlecht.

729 3644 890 3708 inuidiosum,
907 3644 967 3693 weil
979 3644 1145 3704 anmasslich3
1160 3645 1200 3693 ob-

695 3729 811 3775 scurum,
841 3713 901 3762 weil
914 3713 977 3762 obne
1001 3713 1058 3763 eine
1083 3719 1200 3776 entspre-

695 3782 789 3832 chenric
803 3780 999 3831 Wirklichkeit.

728 3850 864 3900 concedant
875 3853 905 3899 ut
917 3849 968 3912 (ulie
976 3849 1119 3899 Thatsacbe
1131 3847 1199 3907 dass)

693 3917 758 3968 liisst
777 3919 826 3968 wie
843 3932 931 3967 oerum
949 3921 988 3967 est
1004 3920 1076 3966 utan
1088 3915 1130 3965 ein
1143 3928 1201 3964 uere
