2766 4432
179 211 221 272 64
636 166 784 265 nantilla

179 363 320 425 ferendae
335 371 416 437 sunt,
431 371 461 424 et
474 363 524 424 hio
538 365 635 427 honos
650 365 740 425 veteri
756 363 901 424 amicitiae
916 364 1104 438 tribuendae,
1125 370 1158 426 ut
1174 363 1200 425 is
1216 364 1248 425 in

180 449 265 528 eulpa
281 449 320 509 sit
334 449 385 530 qui
400 449 498 520 iaciat,
511 467 574 510 non
589 451 615 511 is
631 451 683 530 qui
697 449 825 529 patiatur
840 448 990 510 iniuriam.

268 532 398 595 Omnino
425 535 559 594 omnium
585 537 693 597 horum
721 535 860 596 vitiorum
877 541 966 614 atque
988 533 1249 595 incommodorum

181 636 241 679 una
258 619 355 680 oautio
368 627 413 679 est
428 627 517 697 atquo
533 636 592 682 una
607 620 755 700 provisio:
771 627 805 680 ut
820 639 859 680 ne
870 619 958 680 nimie
971 619 1028 680 oito
1041 619 1163 697 diligere
1173 619 1249 679 inei-

128 711 163 761 ·19
180 704 274 783 piant,
288 721 364 765 neve
380 722 442 765 non
457 704 570 782 dignos.
611 705 698 785 Digni
716 712 824 781 ,autem
840 711 912 766 sunt
934 704 1073 781 amicitia,
1101 703 1209 784 quibus
1219 702 1251 764 in

181 788 254 868 ipsis
269 788 348 849 inest
364 808 450 850 eausa
462 808 515 850 our
531 789 699 869 diligantur.
723 789 832 852 Rarum
848 787 957 867 genus!
970 790 1007 850 Et
1019 790 1138 868 quidem
1150 787 1250 850 omnia

181 875 419 953 praeclararum,
435 875 669 956 necquidquam
686 875 833 936 difficilius
848 874 939 954 quam
953 875 1086 954 reperire
1106 874 1186 954 quod
1212 873 1252 934 sit

183 958 268 1019 omni
282 978 318 1019 ex
332 960 459 1038 partein
474 979 528 1021 suo
543 979 653 1039 genere
668 961 846 1042 perfeetum.
876 960 935 1021 Sed
950 959 1086 1039 plerique
1108 977 1205 1038 neque
1219 958 1252 1018 in

182 1043 274 1106 rebus
289 1044 430 1105 humanis
447 1045 607 1126 quidquam
621 1047 736 1107 honum
750 1053 872 1118 norunt
889 1044 946 1106 nisi
962 1045 1042 1125 quod
1064 1046 1251 1105 fructuosum

184 1128 238 1203 sit3
254 1136 284 1188 et
298 1129 408 1190 amieos
424 1138 623 1210 -tanquam
639 1131 768 1210 pecudes
783 1163 826 1175 -
840 1149 892 1192 eos
908 1129 1097 1208 potissimum
1115 1130 1251 1207 diligunt,

129 1225 164 1277 80
183 1213 344 1292 exquibus
360 1222 480 1294 sperant
495 1234 528 1276 se
543 1217 706 1278 marimum
722 1216 852 1276 fructum
868 1224 938 1276 esee
954 1222 1103 1294 capturos.
1130 1214 1174 1275 lta
1185 1214 1252 1292 pul-

184 1299 330 1360 cherrima
344 1300 392 1360 illa
408 1308 439 1360 et
452 1300 582 1361 maxime
597 1301 723 1363 naturali
739 1307 841 1361 carent
855 1300 982 1361 amicitia
993 1318 1047 1379 per
1059 1306 1255 1379 seetpropter

184 1402 216 1444 se
231 1384 367 1463 expetita,
383 1385 562 1465 neoipsiaihi
571 1387 706 1465 exemplo
714 1393 785 1447 eunt
793 1385 866 1446 haee
873 1385 1070 1446 visamieitiae
1081 1392 1112 1445 et
1123 1384 1218 1462 qualis
1226 1390 1255 1443 et

155 1482 157 1487 ’
184 1477 296 1548 quanta
309 1469 355 1530 sit.
378 1469 445 1549 lpse
461 1471 542 1530 enim
559 1489 591 1532 se
608 1471 736 1550 quisque
752 1470 844 1548 diligit
860 1488 922 1531 non
934 1476 968 1531 nt
980 1470 1108 1550 aliquam
1120 1489 1136 1531 a
1149 1468 1256 1547 seipse

184 1555 353 1615 mercedem
370 1555 466 1635 exigat
480 1556 608 1617 caritatis
625 1575 704 1628 suae,
719 1556 770 1616 sed
786 1555 866 1635 quod
882 1574 936 1635 per
952 1575 984 1616 se
999 1554 1056 1616 sibi
1071 1554 1197 1635 quisque
1207 1573 1257 1615 ea-

184 1656 236 1700 rus
252 1647 307 1700 est.
332 1638 418 1710 Quod
434 1641 494 1700 nisi
508 1641 586 1702 idem
604 1640 633 1701 in
650 1639 809 1701 amicitiam
822 1640 1027 1713 transferetur,
1047 1658 1132 1701 verus
1144 1639 1256 1700 amiens

184 1743 338 1804 nunquam
354 1725 535 1804 reperietur3
562 1732 606 1786 est
621 1725 701 1786 enim
719 1725 754 1798 is,
785 1724 836 1805 qui
858 1733 904 1786 est
919 1734 1060 1806 tanquam
1077 1727 1152 1785 alter
1166 1725 1257 1785 idem.

132 1822 165 1875 81
186 1808 271 1880 Quod
287 1811 312 1870 si
327 1811 384 1871 hoe
399 1818 520 1890 apparet
535 1811 566 1871 in
580 1811 694 1883 bestiis,
721 1809 892 1871 volueribus
919 1810 1061 1872 nantibus
1082 1809 1257 1889 agrestibus,

220 1913 244 1960 a's
255 1911 393 1978 quisaoa'et
403 1912 611 1977 derlleleidiger.
628 1912 693 1963 Also
750 1911 879 1963 nomaeien
897 1912 1075 1978 Honoioptota
1091 1911 1258 1963 Allitoratio·

187 1981 529 2046 isqnipatiaturim'mdem
549 1982 599 2029 -t
635 1979 694 2044 Vgl.
750 1994 798 2030 nen
821 1995 847 2030 u.
872 1979 916 2044 dgl
937 1995 971 2030 zu
1001 1981 1199 2031 untereolreiden
1222 1979 1259 2029 iet

186 2047 249 2099 XX.
269 2047 298 2097 71
319 2063 343 2098 a.
361 2046 392 2096 ll.
427 2047 481 2097 Ans
499 2046 698 2098 llilokeielrtaul
748 2047 879 2111 miselioh,
897 2048 963 2098 doun
986 2049 1027 2098 ale
1050 2048 1091 2099 oin
1116 2047 1257 2111 llrgebniss

187 2115 229 2166 die
242 2114 295 2166 alte
307 2112 493 2165 rreundscualt
509 2115 560 2165 eoll
577 2131 634 2166 man
653 2116 695 2165 die
749 2115 909 2180 ingetlioher
931 2114 1062 2167 Redexion
1092 2116 1154 2166 oder
1176 2116 1258 2167 klein·

188 2183 283 2233 Solmld
301 2182 348 2232 den
366 2183 470 2234 Andern
487 2180 695 2247 trogedlessen:
748 2184 829 2235 lieher
851 2181 987 2234 liiinstelei
1009 2184 1066 2234 sind
1088 2185 1126 2235 eie
1147 2184 1189 2234 bei
1210 2184 1258 2234 den

188 2251 259 2301 uielrt
279 2251 357 2301 Bdeee
378 2251 425 2301 mit
444 2251 532 2312 B'o'eem
553 2252 696 2316 vergeltem
750 2251 906 2302 elaeeieelren
915 2251 1030 2303 Antoren
1040 2251 1180 2318 iiberlmupt
1189 2251 1259 2301 niolrt

189 2318 239 2370 und
254 2317 336 2369 lielor
354 2318 467 2371 Unreeht
482 2319 567 2370 leiden
590 2320 628 2370 ele
647 2319 697 2372 Un-
750 2321 906 2372 anemonen:
920 2321 987 2369 wohl
999 2319 1140 2383 ebergiebt
1152 2320 1259 2370 eemelrr

190 2387 263 2438 recht
273 2388 344 2437 then.
750 2389 813 2439 oder
836 2387 935 2438 minden
955 2387 1184 2438 hervorsteoheode
1207 2386 1259 2437 und

221 2471 275 2506 une
301 2457 386 2505 oemio
410 2458 485 2521 atque
510 2470 563 2506 aaa
586 2457 697 2522 moreio
749 2456 902 2507 witterne:

190 2538 239 2573 nur
255 2522 297 2574 ein
310 2522 396 2574 Mittel
408 2523 465 2574 eiolr
483 2539 515 2574 zu
527 2523 630 2575 wahren
646 2525 697 2575 und
784 2521 1260 2575 etamiooaete.0videxPontoll.3.8:

189 2592 426 2642 eiehvorzneehen.
752 2593 994 2659 Velgmemioa'tt'ae
1004 2590 1224 2658 utilitateprobot.

225 2661 265 2710 te.
290 2657 608 2726 omniepraeedrrurora.
648 2658 697 2710 llio
786 2662 925 2727 Sepone
938 2675 996 2710 vom
1008 2658 1259 2725 0bjoeteaue,olme

188 2729 325 2783 doutsohes
344 2727 501 2794 Sprielrwort
519 2727 617 2778 heieet:
637 2727 699 2779 Viel
752 2727 986 2790 Nebenvertheile3
1012 2733 1117 2796 propter
1145 2745 1173 2778 se
1203 2743 1260 2778 vom

191 2795 242 2845 und
255 2795 308 2846 Get
321 2795 356 2844 ist
368 2795 439 2845 nieht
452 2794 612 2847 beieemrnen.
647 2796 699 2846 Der
753 2795 873 2859 subjecte
886 2810 941 2860 aue,
959 2797 1025 2847 ohne
1037 2794 1259 2847 Nebenriiekeieh·

191 2861 362 2926 Gleiolrlrlaog
379 2863 406 2913 in
421 2861 557 2929 praeclara
573 2864 699 2915 nodrara
752 2873 804 2916 ten.
832 2862 914 2915 Deffir
932 2863 1002 2915 wire
1019 2880 1068 2931 per
1083 2869 1261 2931 etpropteree

190 2932 305 2983 erweokt
323 2931 515 2982 unwilllriirliolr
526 2932 567 2983 dio
579 2932 700 2986 Voretel·
753 2931 938 2994 unletoinisolr3
964 2933 1029 2983 deno
1048 2933 1076 2983 in
1093 2933 1191 2983 Stollen
1210 2931 1261 2981 wie

190 2999 253 3063 long
274 2999 332 3050 dees
348 3000 413 3049 euoh
433 2999 489 3049 eine
506 3000 595 3052 iuuere
611 3000 698 3050 Bezie·
751 3002 824 3053 intra
839 3003 964 3065 extraque
980 3003 1135 3051 munitiones
1152 2999 1224 3050 Coeo.
1234 2998 1262 3048 Β.

191 3069 259 3131 hung
286 3067 336 3117 und
360 3065 604 3133 Weohselwirlneg
630 3068 700 3119 stett
754 3069 782 3119 C.
806 3066 845 3119 lll.
872 3068 904 3118 'll
929 3068 966 3119 iet
989 3068 1034 3118 dos
1048 3066 1260 3119 elloioetelren'de

192 3135 285 3202 ljndet,
308 3134 359 3185 und
382 3135 436 3186 dieo
459 3135 519 3186 thet
533 3136 575 3187 die
593 3135 699 3188 iussere
753 3135 832 3188 Wort
844 3135 913 3199 (hier
924 3139 1006 3190 intrat
1015 3136 1126 3201 Adverb,
1137 3136 1186 3198 vgl.
1196 3133 1259 3202 Nep.

192 3202 357 3254 Aholiehlreit
369 3204 518 3270 iiberlmupt.
540 3205 574 3255 So
584 3205 648 3255 wird
657 3205 700 3255 bei
753 3205 810 3256 Dat.
825 3204 866 3256 Vl.
879 3203 1086 3255 demaratum
1097 3208 1122 3254 et
1132 3204 1211 3269 foris.

193 3272 278 3323 lloraa
295 3270 375 3322 Carm.
393 3271 434 3324 lV.
452 3273 489 3325 12.
512 3273 580 3324 1311.
596 3273 627 3326 14
644 3270 701 3322 Ad·
788 3273 1041 3323 dammeemieitiae.
1066 3269 1262 3322 Genauerwiire

192 3339 293 3392 duxere
327 3342 399 3390 sitim
428 3344 554 3408 tempora,
589 3340 701 3406 Vergili.
754 3339 1263 3409 luiuaspulelterrimaeetmaceimeaa-

194 3407 247 3459 Sed
259 3424 379 3474 pressum
397 3406 501 3459 Calibus
517 3407 610 3460 dooere
628 3405 702 3458 Libe·
755 3407 858 3472 amaus)
886 3409 926 3458 ve's
947 3409 1084 3459 amicitiae.
1121 3409 1195 3460 Sino:
1220 3408 1262 3457 die

192 3492 254 3527 rum
264 3474 296 3526 Se'
304 3476 703 3541 gertiqetodnrehdaeweseot·
757 3477 885 3528 erkennen
906 3475 976 3526 nicht
995 3491 1026 3525 an
1048 3476 1104 3528 eielr
1126 3476 1207 3528 selbot
1222 3475 1263 3526 die

194 3544 248 3594 lioh
256 3545 442 3596 verschiedene
454 3543 587 3596 adduxere
596 3546 646 3595 und
655 3543 703 3595 dae·
757 3545 850 3596 solidae
857 3544 960 3611 (qualia)
970 3544 1020 3593 und
1031 3545 1071 3596 die
1081 3545 1143 3596 lohe
1150 3544 1264 3610 (quante)

193 3627 250 3663 oere
258 3612 414 3676 gleiehwohl
423 3613 495 3663 reelrt
505 3613 594 3676 witzig
602 3613 651 3664 mit
659 3613 705 3664 der
756 3612 906 3677 Bedeutnrg
917 3613 1002 3663 dieser
1014 3611 1207 3664 Frenndeohalt.

195 3694 307 3729 wermen
317 3681 332 3730 J
335 3679 461 3731 abreezeit
473 3681 517 3732 der
528 3681 613 3732 lreieee
625 3680 705 3733 Daret
794 3679 866 3745 Quod
876 3679 947 3731 Mero
957 3681 1051 3744 geldrt
1062 3695 1213 3732 zusammen.

196 3747 222 3797 ie
236 3747 401 3812 Verbindung
419 3748 550 3812 gebracht.
587 3748 705 3813 llerglei-
791 3751 817 3798 ia
839 3751 885 3814 qui
906 3749 1024 3811 subject:
1054 3750 1119 3800 deun
1141 3749 1187 3799 due
1210 3748 1264 3812 (ein

196 3815 261 3866 ohen
278 3816 323 3867 hat
335 3816 403 3867 0vid
420 3816 460 3867 bie
478 3832 534 3867 aum
551 3803 703 3869 llberdruee.
757 3817 859 3867 wehrer
870 3815 980 3885 Freuod)
992 3817 1028 3868 iet
1039 3833 1087 3867 nur
1099 3816 1238 3881 derjenige.

196 3881 328 3949 Zul‘dllige
357 3884 407 3935 und
431 3884 601 3936 abeiolrtlielro
625 3883 704 3935 Paro·
766 3914 770 3920 ·
793 3884 835 3935 81.
853 3884 1001 3937 volueribus
1016 3887 1136 3936 matites
1152 3887 1266 3950 aga-eeti-
