2766 4432
181 231 224 292 56
640 230 788 283 LAELIUS.

271 385 384 447 Amicus
399 396 494 447 certas
507 389 539 446 in
553 403 585 447 rc
600 389 710 447 t'nccrtn
725 389 865 456 certatum

185 478 287 533 tamen
299 472 372 532 baec
387 472 447 533 due
462 472 587 532 levitatis
604 479 633 531 et
648 471 827 532 infirmitatis
838 471 997 551 pleresque
1007 471 1194 542 conducunt,
1204 484 1255 534 ant

185 556 210 616 si
227 556 259 616 iu
275 557 362 617 bonis
378 557 468 616 rebus
484 564 683 617 centemnunt
698 563 749 616 aut
764 556 796 616 in
811 555 896 616 malis
913 557 1062 617 deserunt.
1092 557 1148 629 Qui
1165 558 1258 636 igitur
1320 613 1323 620 .

185 648 313 720 utraque
328 641 360 700 in
376 659 409 701 re
425 660 543 719 gravem
561 649 748 703 constantem
763 641 900 701 stabilem
915 660 948 703 se
967 641 998 701 iu
1020 641 1151 703 amicitia
1165 661 1256 722 prae·

184 725 303 797 stiterit,
319 725 400 787 hunc
416 745 450 786 ex
467 726 597 788 maxime
611 744 679 788 raro
688 744 796 804 genere
804 727 962 787 hominnm
970 726 1100 788 iudicare
1112 727 1257 788 debemus

185 819 215 872 et
230 829 327 890 paene
340 811 449 872 divino.

129 912 163 962 65
267 896 368 957 XVIII.
384 896 617 957 Firmamentum
642 903 741 956 autem
757 895 925 956 stabilitatis
940 896 1185 977 constantiaeque
1198 904 1253 971 est,

184 980 249 1041 eius
265 1000 353 1060 quam
370 981 401 1041 in
417 981 544 1042 amicitia
564 981 746 1060 quaerimus,
769 981 860 1056 fides3
880 981 953 1041 nihil
974 989 1020 1042 est
1042 981 1123 1043 enim
1138 981 1256 1053 stabile,

182 1066 263 1145 qued
285 1067 409 1127 infidum
431 1074 486 1126 est.
517 1067 686 1144 Simplicem
708 1075 860 1144 praeterea
881 1074 911 1126 et
926 1085 1119 1127 communem
1135 1075 1164 1128 et
1179 1086 1256 1127 cen·

182 1151 374 1223 sentientem,
391 1151 478 1212 idest
493 1151 543 1229 qui
559 1151 647 1211 rebus
661 1151 773 1212 eisdem
792 1160 947 1212 moveatur
959 1151 1024 1230 eligi
1037 1169 1088 1229 par
1101 1159 1161 1211 est:
1177 1171 1254 1231 quae

185 1236 284 1296 emnia
299 1237 453 1314 pertinent
468 1236 505 1296 ad
521 1236 705 1296 fidelitatem.
734 1235 838 1314 Neque
861 1235 941 1297 enim
964 1237 1055 1296 tldnm
1075 1244 1255 1314 potestesse

185 1321 339 1400 multiplex
354 1321 507 1399 ingenium
523 1329 552 1381 et
571 1328 755 1388 tortuosum
777 1340 875 1399 neque
896 1339 965 1381 vere
987 1321 1037 1400 qui
1059 1339 1121 1382 nen
1141 1321 1255 1382 eisdem

183 1406 274 1466 rebus
290 1415 426 1466 movetur
442 1416 606 1485 naturaque
621 1405 778 1477 censentit,
794 1411 845 1466 aut
861 1406 938 1467 lidus
954 1415 1004 1466 aut
1019 1406 1132 1467 stabilis
1153 1414 1254 1485 potest

183 1509 259 1552 esse.
283 1491 461 1552 Addendum
478 1492 583 1552 eedem
598 1499 645 1553 est
660 1497 694 1551 ut
709 1509 748 1550 ne
763 1490 939 1551 criminibus
954 1499 1005 1552 aut
1019 1491 1182 1552 inferendis
1197 1493 1259 1552 de·.

182 1577 309 1638 lectetur
324 1585 373 1638 aut
388 1576 489 1636 credat
504 1575 625 1638 oblatis:
642 1594 718 1655 quae
732 1575 884 1654 pertinent
899 1576 999 1637 omnia
1014 1577 1050 1636 ad
1066 1595 1141 1649 eam,
1163 1596 1254 1656 quam

183 1661 360 1721 iamdudum
380 1669 486 1733 tracte,
510 1661 720 1723 constantIam.
742 1660 786 1722 lta
806 1660 841 1720 tit
855 1679 958 1723 verum
973 1661 1045 1722 illud
1068 1662 1147 1741 quod
1164 1661 1258 1724 initio

184 1746 252 1818 dixi,
268 1746 428 1808 amicitiam
445 1746 503 1808 nisi
519 1745 597 1806 inter
611 1746 705 1806 bones
722 1762 866 1806 essenon
885 1765 984 1824 pesse.
1012 1745 1065 1807 Est
1086 1748 1166 1808 enim
1181 1746 1255 1808 boni

181 1831 244 1902 viri,
261 1850 351 1909 quem
363 1832 492 1892 eundem
507 1831 672 1910 sapientem
687 1831 755 1891 licet
771 1830 878 1901 dicere,
892 1832 965 1892 haec
980 1831 1038 1891 duc
1054 1839 1158 1893 tenere
1172 1832 1204 1892 in
1220 1852 1256 1893 a·

182 1916 307 1977 micitia:
323 1917 454 1995 palmum
470 1917 592 1996 nequid
608 1916 711 1976 lictum
726 1915 765 1976 sit
780 1933 854 1976 neve
871 1916 1052 1993 simulatum,
1062 1925 1163 1996 aperte
1170 1917 1252 1977 enim

186 2051 265 2103 thh.
294 2053 363 2102 Aber
386 2052 452 2102 viele
476 2052 612 2102 bew'aihren
637 2051 691 2103 sich
778 2067 927 2119 neqrceaerc
948 2080 982 2089 -
1002 2057 1050 2103 ant
1058 2053 1141 2117 fidus.
1168 2053 1255 2106 Ilurch

185 2121 272 2171 nicht:
300 2121 426 2172 vielmehr
446 2118 600 2170 iibcrfuhr·cn
620 2120 690 2171 disse
744 2120 792 2170 den
806 2121 939 2172 Chiasmus
955 2121 1032 2172 kehrt
1044 2121 1086 2172 die
1098 2122 1208 2176 Perinde
1221 2141 1253 2176 zu

186 2189 278 2239 beiden
301 2186 373 2238 Falle
398 2189 468 2252 (haec
479 2187 540 2253 dno)
563 2189 605 2239 die
626 2187 690 2238 Mei-

186 2264 319 2308 stenusw.

218 2328 266 2374 ant
278 2326 310 2374 sa'.
329 2323 379 2375 Das
398 2324 491 2375 zweitc
512 2328 559 2374 caat
570 2323 640 2374 steht
651 2338 690 2387 sc,

183 2391 222 2442 als
247 2392 317 2442 wiirc
340 2394 367 2441 si
381 2396 429 2441 unt
451 2393 690 2456 vorhergegtmgen:

184 2461 241 2510 eine
255 2460 342 2511 lleine
355 2459 535 2523 Anakoluthie,
553 2460 604 2510 wie
617 2473 691 2509 wenn

182 2528 333 2645 pmgelehrt
354 2527 401 2578 aul
421 2531 446 2578 sc'
470 2533 517 2579 aut
540 2529 581 2578 eiu
605 2531 652 2578 ant
668 2530 693 2576 ei

194 2597 257 2660 clgt.

216 2667 244 2714 tn
264 2665 336 2714 honis
356 2664 431 2714 rebus
452 2663 544 2727 ‘ruia’‚
564 2667 591 2713 in
611 2662 691 2714 malis

182 2730 353 2784 ‘amicerum'.

217 2805 325 2866 utraque
341 2802 368 2849 ia
380 2816 409 2851 re
427 2801 453 2850 iu
466 2799 556 2851 beiden
569 2798 691 2862 Stiiehcn‚

183 2868 209 2917 in
221 2867 347 2920 beiderlei
359 2866 513 2920 Riicksicht:
532 2869 689 2933 ultraquam

181 2938 255 2987 honis
271 2938 348 2987 rebus
366 2941 518 3002 contemnat,
536 2951 580 2986 nec
595 2938 623 2985 ia
635 2951 693 2986 ma-

183 3005 216 3054 lis
227 3005 333 3055 deserat.
360 3040 362 3044 Α

214 3074 375 3139 praenitent
387 3072 511 3139 hewdhrt,
524 3072 691 3125 verschieden

183 3156 233 3191 ven
242 3142 391 3208 praebuerit
401 3140 477 3204 zeigt.

217 3224 251 3259 cae
269 3208 352 3274 alr'qnc
367 3224 461 3274 genere
480 3207 595 3258 iudicare
612 3223 643 3256 zu
655 3205 692 3257 ei·

184 3280 231 3327 ne'r
243 3277 331 3328 Classe
344 3278 463 3338 rechncn,
483 3276 533 3325 wie
554 3291 588 3325 erc
607 3274 692 3338 aliquo

182 3361 289 3398 numeru
300 3361 355 3394 ease
365 3361 397 3394 zu
410 3345 482 3395 einer
494 3343 558 3394 Zahl
570 3344 689 3405 gehb‘ren.

115 3439 117 3443 ν
182 3412 231 3463 Iliu
259 3430 313 3465 esse
342 3414 378 3463 ist
401 3428 433 3461 zu
457 3411 552 3462 diesem
576 3408 691 3461 iudicare

183 3481 254 3532 nicht
265 3479 485 3544 hinzuzudenkeu,
503 3495 533 3530 sc
550 3479 634 3543 wenig
650 3479 690 3529 als

183 3565 215 3598 zu
226 3554 320 3616 putare
332 3550 359 3598 in
368 3547 462 3598 Siitzen
474 3547 525 3598 wie
536 3562 691 3598 maoeumcm

180 3615 297 3682 gloriam
309 3619 338 3666 in
349 3632 477 3667 mamaea
488 3617 595 3683 imperio
601 3619 692 3682 putare

183 3685 245 3734 oder
254 3700 414 3750 quaecunque
424 3689 483 3735 eunt
495 3686 521 3733 in
536 3687 608 3735 canai
614 3699 691 3734 mun-

182 3751 222 3814 de,
235 3751 341 3803 deornm
352 3757 429 3817 atquc
436 3754 568 3803 hominum
576 3750 692 3818 putanda

182 3823 252 3870 anat.
277 3820 335 3884 Vgl.
348 3823 491 3885 accepimus
504 3819 532 3869 ll.
547 3821 571 3868 7.

215 3887 310 3942 XVIII.
327 3889 368 3939 65.
392 3890 449 3938 eius
460 3904 551 3954 quam:
563 3885 633 3939 xlv.
647 3887 689 3938 49.

744 2188 824 2238 ihrcm
838 2187 939 2252 Anlang
956 2189 1066 2241 zuriick:
1089 2190 1150 2242 Cato
1164 2190 1197 2241 M.
1210 2192 1254 2245 VI.

778 2322 872 2374 cr‘sdcm
893 2324 1027 2375 achmete
1052 2323 1095 2376 liin
1120 2325 1254 2377 dieselhen

744 2391 888 2441 Eindriieke
927 2390 1098 2457 cmpl‘aiuglich
1131 2395 1253 2462 (συμπα-

744 2459 817 2520 θεῖν)
834 2459 884 2509 und
902 2474 952 2509 von
964 2460 1049 2512 Natur
1065 2461 1256 2528 gleichgesinnt

745 2529 781 2578 ist
793 2522 964 2592 (ὁμοδοξεῖν).

778 2595 955 2664 inserendis-
968 2596 1063 2647 adlatis.
1097 2597 1173 2647 Jencs
1186 2604 1257 2648 sctzt

745 2664 786 2714 dic
808 2663 1052 2727 beschuldigungen,
1073 2664 1114 2715 die
1135 2665 1183 2716 der
1203 2664 1257 2717 Ge·

745 2731 840 2781 wliblte
859 2731 968 2782 erheben
998 2733 1112 2796 (gleichs.
1133 2731 1253 2796 zuliigenl

745 2800 848 2864 Idume,
868 2799 894 2848 in
912 2799 954 2849 die
968 2797 1107 2864 lintegeric
1120 2801 1166 2852 der
1181 2804 1254 2852 iniu-

745 2870 815 2930 riae3
828 2867 913 2917 dieses
928 2868 997 2919 steht
1010 2885 1059 2920 von
1072 2869 1120 2919 den
1132 2869 1255 2921 Beschul·

746 2936 874 3000 digungen
890 2936 987 2988 welche
1005 2953 1052 2987 ver
1071 2937 1114 2987 ihu
1131 2938 1255 3000 gebracht

745 3005 862 3067 werden,
894 3004 974 3055 durch
1005 3006 1173 3056 Verleumdcr
1201 3005 1254 3054 und

745 3071 985 3136 Zwisehentr'aiger3
1015 3073 1111 3124 allatae
1128 3075 1256 3122 cadmina·

745 3143 827 3190 tiones
855 3138 948 3191 weiter
977 3148 1055 3191 unten
1085 3141 1143 3190 siud
1174 3156 1255 3204 ange-

745 3207 859 3258 brachte.

779 3280 862 3328 tructo
883 3274 974 3339 hesagt
994 3276 1064 3327 mehr
1087 3274 1126 3325 als
1146 3275 1253 3341 hespre-

746 3337 821 3413 chem
863 3350 930 3393 etwa
959 3345 1004 3394 ‘zu
1034 3343 1255 3395 charakterisiren

746 3407 842 3462 snchc'.

775 3479 814 3544 fit
824 3495 913 3531 numm
924 3478 992 3530 illud
1001 3479 1188 3531 hewahrheitet
1200 3479 1258 3531 sich.

745 3548 872 3599 derSatz.

779 3618 866 3666 indic:
883 3615 914 3669 V.
930 3613 969 3664 18.

776 3687 893 3752 primum
913 3698 945 3732 ne
966 3683 1016 3731 und
1038 3679 1128 3733 deinde
1144 3696 1193 3731 non
1210 3697 1254 3731 sc-

744 3751 799 3802 lam
808 3753 888 3815 geben
899 3750 1023 3819 beidedIe
1034 3747 1198 3813 nussunrung
1207 3750 1258 3800 der

745 3820 835 3870 beiden
855 3835 905 3869 ven
923 3819 979 3870 dem
997 3826 1075 3882 guteu
1093 3815 1169 3867 Manu
1190 3818 1257 3867 eder

744 3885 1257 3940 ‹IemWeisenlestzuhaltendenGrund-
