2766 4432
595 233 741 290 oramus.
1162 240 1201 301 51

133 410 209 463 rare,
223 391 366 470 optimam
383 400 413 453 ot
428 391 659 472 pulcherrimam
670 391 747 453 vitae
759 398 793 452 ut
803 393 844 452 ita
855 391 952 453 dicam
963 389 1202 471 supellectilem?

132 477 250 538 Etenim
265 483 363 538 uetera
374 495 467 556 quum
479 485 594 556 parant,
610 477 659 538 oui
670 484 778 557 parent
793 476 932 538 nesciunt
947 494 1003 538 neo
1015 477 1100 538 ouius
1112 495 1201 538 oausa

130 556 281 635 laborani3
297 562 360 623 eius
376 563 457 623 enim
474 570 519 622 est
533 562 661 622 istorum
678 563 819 642 quidque,
835 562 886 642 qui
901 562 969 622 vioit
983 562 1110 623 viribus:
1126 561 1202 623 ami-

130 647 267 709 citiarum
282 666 335 709 sua
349 647 458 727 auique
483 655 639 726 permanet
665 646 781 708 stabilis
796 656 826 708 et
841 655 921 708 certa
946 647 1096 726 possessio
1111 680 1154 690 -«
1168 655 1203 708 ut

131 732 249 794 etiamsi
265 733 314 794 iiia
329 722 449 825 marisii
464 751 539 812 quae
565 739 639 794 sunt
653 733 739 812 quasi
753 732 835 793 dona
850 733 1007 805 Fortunae,
1028 741 1131 793 tamen
1146 732 1203 793 vita
1257 725 1290 809 Io

130 819 244 879 intuita
259 826 290 879 ot
307 819 425 879 deserta
440 817 477 878 ab
491 817 595 879 amicis
611 835 674 878 non
689 818 785 897 possit
800 835 866 879 osse
881 817 1020 879 iucunda.
1054 817 1114 879 Sed
1130 817 1204 878 haee

131 903 285 964 hacteuus
651 898 654 904 ’

216 987 288 1048 XVI.
312 987 520 1049 Constitueudi
534 994 636 1048 autem
652 995 724 1048 sunt
738 986 791 1067 qui
807 986 912 1048 sintin
929 985 1056 1047 amicitia
1083 986 1156 1046 finos
1171 995 1201 1047 at
1220 989 1252 1038 56

130 1073 216 1153 quasi
231 1072 354 1133 termini
368 1073 519 1153 diligendi.
552 1072 594 1133 Do
620 1072 730 1152 quibus
756 1080 822 1133 tres
841 1072 926 1132 video
942 1071 1106 1133 sententias
1121 1071 1203 1144 ferri,

128 1176 256 1238 quarum
271 1158 383 1218 nullam
397 1159 506 1238 probo:
533 1176 624 1219 uuam
649 1165 686 1218 ut
701 1158 806 1218 eodem
824 1158 915 1219 modo
930 1174 997 1234 erga
1012 1157 1141 1218 amicum
1156 1156 1204 1218 ai·

128 1244 199 1304 ieoti
215 1244 318 1316 simus,
332 1261 392 1321 quo
408 1260 475 1321 erga
491 1250 613 1304 nosmet
627 1243 724 1322 ipsos3
739 1244 863 1304 aiteram
878 1250 913 1302 ut
927 1249 1031 1305 nostra
1045 1243 1078 1302 io
1093 1242 1204 1302 amioos
1267 1295 1277 1313 .,

129 1328 334 1389 benevolentia
344 1327 463 1388 iliorum
476 1345 543 1406 arga
556 1345 612 1388 nos
623 1327 852 1390 benevolentiae
861 1327 973 1407 pariter
982 1328 1204 1407 aequaliterque

129 1415 325 1493 respondeam
340 1413 457 1474 tertiam
472 1421 506 1474 ut
521 1411 624 1492 quanti
640 1413 770 1494 quisque
785 1431 819 1472 so
834 1413 900 1492 ipso
913 1412 993 1485 fauit,
1008 1413 1087 1473 tanti
1101 1412 1155 1472 fiat
1169 1413 1206 1474 ab

131 1499 244 1559 amieis.
268 1498 381 1559 Harum
397 1499 489 1559 trium
503 1497 723 1559 sententiarum
739 1498 815 1559 nulli
826 1516 952 1577 prorsus
966 1499 1124 1558 assentior.
1144 1499 1205 1559 Neo
1224 1501 1255 1550 57

132 1584 212 1644 enim
228 1583 276 1644 iila
291 1585 387 1662 prima
403 1601 472 1644 vora
487 1590 543 1653 est,
558 1591 593 1642 ut
604 1583 861 1662 quemadmodum
874 1583 905 1644 iu
916 1601 950 1643 se
966 1582 1103 1663 quisque,
1120 1583 1165 1644 sio
1174 1584 1206 1644 iu

134 1669 262 1730 amioum
275 1668 316 1728 sit
326 1668 486 1729 animatus.
501 1668 598 1740 Quam
610 1668 703 1730 muita
715 1666 806 1740 enim,
822 1675 900 1747 quae
912 1676 1015 1729 nostra
1027 1686 1114 1730 musa
1126 1685 1207 1730 uuu-

166 1874 217 1910 non
228 1872 324 1926 parare
334 1858 406 1908 ‘aber
418 1857 509 1909 nieht':
524 1855 554 1910 V.
569 1858 609 1910 19.
662 1859 664 1863 ’
697 1857 760 1908 uber
786 1856 828 1908 diu
852 1856 1209 1922 Pripos‘itioualbestimmuug

164 1928 468 1978 atera-amicitiarum
488 1931 586 1978 cutm
602 1941 644 1976 ror
694 1928 724 1976 iu
734 1928 855 1977 arrotoitia
868 1925 1032 1976 vorauiassto
1044 1926 1101 1976 aine
1112 1927 1207 1978 andare

133 1998 272 2048 -amama
283 1994 380 2046 vum
698 1993 843 2058 Wundung.
874 1993 1206 2059 ObonhiossasiXI.36):

166 2064 513 2128 amicitiamrmauaooiqoo,
526 2061 644 2114 d.h.hior
697 2061 827 2113 uideamur
871 2065 1207 2116 atenuaamorinamioitiu

132 2132 218 2184 hehtlt
231 2132 271 2181 eiu
282 2132 361 2181 Ieder
372 2146 426 2181 was
440 2146 469 2180 er
479 2131 532 2181 hat.
694 2129 821 2197 progrqdi
847 2131 925 2180 eoam.

166 2204 196 2250 ut
218 2202 324 2250 otmunt
345 2199 396 2251 wie
419 2197 499 2251 XVII.
524 2199 566 2261 61,
593 2214 643 2249 nort
730 2200 796 2265 firm
820 2199 863 2249 dia
888 2195 1016 2260 Greuzon,
1039 2201 1145 2250 terruisti
1165 2200 1207 2251 die

130 2270 212 2335 possit
222 2267 383 2319 Potentialis.
416 2265 503 2331 Gegoo
523 2268 566 2317 oio
583 2282 644 2317 cou-
696 2265 856 2319 Morkatoino
869 2267 930 2316 oder
942 2266 1098 2332 Eudpuoete.

132 2337 263 2389 secutivos
291 2341 320 2386 ut
343 2335 379 2386 ist
402 2335 499 2399 rioIrtig
527 2334 643 2385 bomorkt
729 2332 855 2400 dupondi·
863 2349 917 2384 wer
926 2335 982 2386 hier
992 2335 1042 2384 uod
1050 2332 1134 2386 imao
1144 2336 1207 2387 obora

132 2405 250 2455 worden:
275 2406 338 2454 ‘Ans
350 2405 397 2455 der
410 2403 559 2465 Wahrhoit,
583 2403 643 2454 dass
697 2418 726 2454 so
739 2402 911 2466 uothwoudig,
924 2403 962 2453 aiu
973 2401 1036 2454 VIII.
1048 2401 1081 2451 27
1093 2403 1207 2456 arnardi.

132 2473 176 2523 dio
184 2470 370 2525 Freuudsohait
379 2473 421 2522 oio
432 2471 582 2522 bleiboudor
593 2470 644 2520 und
697 2471 1207 2538 Diososbozoiohnotdieuuwillkfirlioim

133 2541 247 2593 sichorer
280 2540 459 2606 porsiolioher
481 2539 566 2590 Bouitz
598 2538 643 2603 ist,
696 2538 1207 2603 Noigungrannemirujeoosoimm-

134 2607 201 2672 iolgt
222 2608 400 2658 nimmerruohr
415 2607 476 2658 dass
495 2608 541 2659 duo
558 2604 643 2657 Leheo
696 2607 820 2671 griiudote
840 2606 1083 2669 Warthsohtuung.

134 2679 198 2726 ohne
222 2676 262 2727 sie
285 2676 349 2726 aooh
376 2677 442 2726 duna
466 2676 563 2726 roizios
586 2675 643 2727 sain
731 2674 930 2740 sarrinicht‘ia
944 2672 1131 2737 UnIauisoin'‚
1148 2691 1207 2727 son-

132 2744 230 2808 uimus,
247 2759 321 2795 waon
339 2744 385 2795 der
397 2744 482 2794 Bonita
501 2745 548 2794 dor
566 2758 643 2806 sogo-
697 2744 760 2794 doru
778 2742 838 2806 (wie
852 2743 936 2806 sumt]
960 2742 1122 2805 ‘abrogetur’
1145 2745 1208 2795 ader

133 2819 243 2863 uannteu
265 2808 438 2875 Gliiaksgiiter
460 2812 502 2861 ein
525 2811 589 2863 aban
613 2825 642 2860 so
696 2808 988 2875 ‘uuigostolit'werdeu

132 2882 279 2932 blaiboudor
288 2881 367 2930 wira.
381 2880 501 2931 Offenbar
512 2879 643 2945 sabaudie
728 2883 828 2946 pariter
840 2878 1027 2944 aequaliterque
1044 2879 1070 2928 ia
1082 2878 1208 2941 gloiohem

133 2948 229 3000 Worto
253 2950 360 2998 etiamsi
381 2947 426 2998 iIIu
448 2952 642 2999 mutuant-nou
696 2947 842 3000 IIasreuud
856 2947 1009 3010 iugleiohar
1019 2946 1209 3012 Weisa,quun·

131 3020 215 3084 pom't
243 3032 299 3068 esre
320 3015 432 3067 iucunda
456 3017 528 3067 ainau
551 3030 643 3078 meu,
696 3015 1000 3080 titatirundquulitativ
1014 3013 1134 3078 uxot).

133 3086 346 3149 noahgriiosorou
359 3085 519 3147 Vorzugder
527 3083 643 3135 Freuod-
731 3085 774 3134 ui.
801 3082 866 3135 rutili
880 3097 996 3150 prorsus.
1032 3083 1123 3146 Cicero
1142 3083 1209 3133 iisst

133 3151 216 3203 rohais
236 3170 278 3215 an,
299 3154 345 3205 dor
365 3153 448 3204 seibst
464 3153 491 3202 iu
503 3152 557 3202 dem
569 3151 642 3203 Fullo
697 3152 835 3203 ‘dortheus
850 3148 935 3203 koino'
957 3152 1004 3201 dar
1022 3149 1208 3214 ausgestellteo

132 3222 322 3273 uubostroitbar
334 3221 412 3280 wira,
424 3221 643 3283 wouodororata,
698 3221 838 3270 Ausichtou
856 3221 950 3282 gulten.
990 3219 1024 3268 So
1041 3219 1072 3271 N.
1091 3219 1120 3270 I).
1133 3217 1152 3268 I.
1167 3220 1206 3271 14.

133 3289 196 3340 oben
206 3298 335 3352 generato
347 3290 423 3340 kaiue
434 3289 545 3353 Goltuug
553 3287 644 3341 uitta!
697 3289 729 3339 37
743 3303 872 3352 nusquam
879 3302 990 3354 proram
1006 3287 1142 3337 ‘durohaus
1154 3287 1209 3337 uir-

106 3374 112 3385 ’
169 3358 300 3407 etiamsi
319 3353 641 3408 austrannum.
698 3355 794 3422 gauis',
807 3353 845 3407 III.
859 3355 883 3407 8.
897 3354 927 3405 21
951 3353 1021 3405 mdia
1040 3353 1114 3406 modo
1131 3369 1209 3420 pror·

134 3424 436 3490 Mtumwdeniquo.
697 3426 882 3475 msusseatior
894 3422 1054 3488 iiirprorsua
1073 3421 1143 3472 nullo
1153 3438 1210 3472 aaa·

166 3492 267 3544 monita
296 3497 320 3543 er
347 3492 449 3545 deserta
477 3494 523 3543 (Ias
546 3507 641 3543 unver-
696 3492 736 3555 do,
759 3490 1046 3544 isidorianam
1065 3487 1209 3556 Nonpwr·

134 3561 226 3612 sohiiot
243 3562 302 3624 (aig.
320 3561 489 3626 uuangobaut)
512 3561 562 3610 und
586 3567 643 3613 eot-
695 3577 742 3611 aus
755 3557 835 3609 ‘Gauz
847 3559 898 3609 uad
909 3574 956 3622 gur
968 3555 1047 3608 uioht'
1056 3553 1103 3621 (οὐ
1116 3551 1208 3620 πάνυ).

134 3628 642 3692 biisstteig.iidetwirovouFreuodeu.
729 3625 783 3679 Nea
806 3630 885 3677 mim.
923 3625 1012 3676 Dioses
1038 3625 1141 3676 ‘wodor’
1165 3627 1210 3677 irat

166 3695 237 3749 XVI.
255 3697 296 3746 56.
324 3697 369 3746 ‘Es
386 3697 438 3760 gilt
457 3713 508 3747 nun
524 3697 642 3761 oberge·
696 3695 755 3747 kain
779 3695 995 3760 eutspreohomies
1025 3694 1114 3745 ‘noch’.
1160 3694 1209 3745 Dio

132 3781 182 3816 nou
195 3781 227 3815 zu
246 3762 411 3815 bestimmou’.
441 3763 486 3815 Dio
504 3763 643 3815 construo-
695 3764 766 3815 Rada
778 3766 823 3814 irat
835 3763 892 3814 sich
904 3763 951 3812 mit
963 3762 1124 3813 natiirliahor
1135 3761 1209 3812 Frei-

132 3833 302 3896 tiouheginnt
311 3848 349 3895 uo,
358 3833 483 3885 alsuollto
493 3832 642 3897 blossptuoe
695 3833 750 3884 hait
762 3831 857 3883 audere
869 3837 1003 3895 gestuttet
1184 3864 1186 3866 -

130 3905 157 3952 ot
179 3904 255 3967 quasi
276 3903 383 3954 hmini
392 3899 518 3966 wigandi
539 3888 640 3965 foigo'u3
729 3896 1209 3968 imprimo-ordass‘numiteh’:lv.14.

955 3985 989 4036 4*
