2766 4432
198 206 239 269 se
664 204 814 284 mucius.

197 362 275 443 quod
288 361 414 441 quisque
426 361 589 443 desideret3
606 361 751 446 humilem
761 378 831 422 sane
842 362 1019 440 relinquunt
1031 370 1062 423 et
1073 361 1198 423 minime
1210 382 1262 442 ge·

136 506 138 510 ,
196 454 395 508 nerosumvut
420 446 460 507 ita
483 446 577 506 dicam
602 453 701 506 ortum
718 446 879 517 amicitiae,
901 465 990 526 quam
1007 464 1044 507 ex
1057 447 1157 526 inopia
1172 457 1263 526 atque

195 531 356 609 indigentia
370 539 471 592 natam
483 532 594 592 volunt.
620 530 743 605 Quodsi
759 531 800 591 ita
813 540 906 605 esset;
921 533 1092 612 utquisque
1105 533 1262 594 minimum

94 662 96 667 .
195 617 229 679 in
243 623 275 677 se
287 636 353 678 esso
364 616 568 685 arbitraretur,
584 616 625 677 ita
640 617 677 676 ad
693 616 852 678 amicitiam
868 627 947 678 esset
962 617 1142 696 aptissimus.
1175 618 1262 691 Quod

143 708 175 758 ³0
195 703 283 780 longe
299 721 385 763 secus
400 708 455 763 est.
478 701 517 762 Ut
532 701 613 761 enim
629 700 757 781 quisque
772 701 831 762 sibi
845 702 1011 781 plurimum
1026 703 1161 773 contidit,
1185 712 1216 764 et
1231 711 1265 764 ut

197 787 323 867 quisque
338 787 467 847 maxime
481 786 592 847 virtute
604 794 634 847 et
644 787 788 866 sapientia
799 786 842 846 sic
854 787 987 848 munitus
999 794 1044 848 est
1055 794 1089 848 ut
1100 788 1181 849 nullo
1194 808 1263 867 ege-

171 931 173 935 ,
197 881 227 934 at
240 891 353 952 suaque
368 871 469 932 omnia
483 871 514 932 in
530 889 561 932 se
576 871 641 949 ipso
657 873 753 950 posita
768 872 894 945 iudicet3
915 872 956 933 ita
970 872 1004 932 in
1019 873 1157 933 amicitiis
1172 892 1264 952 expe-

197 957 294 1019 tendis
311 955 500 1035 colendisque
512 956 643 1016 maxime
655 956 777 1035 excellit.
802 955 880 1028 Quid
894 954 999 1018 enim?
1013 956 1170 1019 Africanus
1186 957 1264 1019 indi-

124 1056 128 1065 “
196 1061 268 1122 gens
284 1039 368 1104 mei?
390 1042 512 1102 Minime
528 1042 639 1115 hercle,
655 1024 692 1123 ed
707 1061 746 1103 ne
760 1042 947 1120 egoquidem
962 1043 1055 1104 illius:
1072 1043 1129 1105 sed
1141 1061 1194 1122 ego
1211 1043 1264 1104 ad-

196 1128 354 1190 miratione
370 1126 497 1207 quadam
513 1126 628 1187 virtutis
651 1127 730 1198 eius,
752 1126 800 1187 ille
823 1126 953 1188 vicissim
976 1128 1118 1206 opinione
1138 1131 1265 1190 fortasse

196 1214 340 1292 nonnulla
362 1230 451 1292 quam
467 1212 504 1272 de
527 1212 602 1272 meis
618 1212 753 1274 moribus
768 1211 895 1273 babebat
909 1232 957 1273 me
973 1213 1084 1274 dilexit.
1104 1213 1196 1274 ‘Auxit
1210 1214 1263 1275 be-

195 1298 394 1366 nevolentiam
408 1297 612 1370 consuetud03
628 1298 679 1358 sed
691 1316 861 1376 quanquam
873 1297 1015 1359 utilitates
1031 1299 1142 1360 multae
1158 1307 1188 1358 et
1199 1317 1265 1359 ma·
1288 1373 1289 1376 Ἴ

195 1400 271 1463 gnae
287 1392 464 1444 consecutae
480 1390 561 1454 sunt,
576 1399 637 1443 non
649 1391 721 1444 sunt
731 1389 833 1443 tamen
845 1382 881 1442 ab
897 1401 999 1444 earum
1014 1401 1067 1462 spe
1079 1402 1184 1454 causae
1196 1383 1264 1443 dili-

30 1494 33 1499 *
142 1481 173 1532 31
195 1468 284 1546 gendi
298 1469 458 1547 proiectae.
480 1456 521 1545 Ut
536 1467 617 1528 enim
630 1467 756 1528 benefici
769 1467 965 1547 liberalesque
977 1486 1081 1530 sumus
1093 1486 1154 1549 non
1166 1476 1199 1528 ut
1211 1487 1265 1529 ex-

89 1583 92 1588 ·
194 1554 310 1633 igamus
325 1553 451 1632 gratiam
467 1549 579 1632 (neque
592 1552 674 1613 enim
686 1551 863 1614 beneficium
879 1556 1074 1627 feneramur),
1089 1554 1143 1615 sed
1158 1556 1265 1615 natura

114 1629 153 1727 lat
195 1639 338 1718 propensi
363 1619 396 1735 ad
421 1637 626 1699 liberalitatem
648 1655 768 1700 sumus:
792 1637 835 1699 sic
857 1636 1015 1699 amicitiam
1032 1656 1094 1700 non
1108 1658 1161 1718 spe
1183 1657 1264 1700 mer-

195 1724 275 1785 cedis
291 1723 421 1794 adducti‚
443 1722 495 1784 sed
512 1723 591 1802 quod
607 1722 706 1783 omnis
722 1717 918 1784 eius'lruetus
933 1722 964 1784 in
986 1723 1052 1802 ipso
1068 1724 1265 1785 amoreinest

144 1835 177 1887 32
196 1809 391 1889 expetendam
406 1816 557 1888 putamus.
591 1807 636 1868 Ab
656 1807 704 1868 bis
725 1807 777 1888 qui
791 1809 943 1888 pecudum
958 1808 1019 1869 ritu
1033 1809 1069 1871 ad
1084 1810 1263 1888 voluptatem

228 1966 334 2014 minime
356 1977 512 2028 generosum
535 1965 621 2012 ortum
646 1962 703 2012 eine
792 1960 890 2011 multae
910 1965 934 2012 et
956 1978 1074 2027 magnae.
1109 1964 1195 2014 Dureb
1219 1964 1264 2012 das

194 2033 278 2084 niehts
290 2030 404 2094 weniger
416 2030 454 2080 als
467 2030 524 2080 edle
536 2026 676 2079 ‘Abkuntc
758 2029 931 2080 beiordnende
952 2034 978 2080 et
998 2031 1126 2082 ersebeint
1143 2031 1190 2080 der
1208 2031 1265 2080 eine

227 2116 264 2151 ecc
274 2101 361 2166 inopia
372 2101 448 2164 atque
458 2097 611 2162 indegente'o.
624 2097 704 2149 Nicbt
756 2096 855 2161 Begriff
872 2114 902 2148 so
922 2099 1075 2149 wesentlieh
1092 2099 1142 2149 und
1160 2098 1266 2161 wiebtig

194 2171 233 2220 ols
245 2170 277 2218 ob
290 2168 332 2219 die
343 2165 530 2216 Freundsebalt
542 2166 622 2216 zwei
636 2165 703 2216 lliit-
757 2165 796 2215 als
815 2166 861 2215 der
877 2167 986 2231 nudem,
1003 2166 1053 2216 uod
1071 2167 1142 2217 diese
1161 2165 1266 2217 Gleieb-

193 2245 236 2289 ber
253 2234 333 2286 baben
346 2235 431 2296 sollte,
448 2234 558 2298 sondern
571 2233 644 2283 beide
657 2234 703 2283 Be-
757 2233 872 2298 stellung
890 2235 935 2285 des
951 2234 1048 2284 multus
1062 2235 1109 2285 mit
1119 2236 1176 2285 dem
1189 2234 1265 2284 ande·

195 2304 269 2370 griffo
288 2300 413 2367 erginzen
429 2302 484 2352 eleb
499 2301 703 2365 gegenseitigzu
757 2316 802 2352 reu
815 2302 979 2366 Adjeetivum
991 2302 1028 2353 ist
1039 2303 1074 2353 im
1085 2302 1265 2352 Lateiniseben

196 2376 251 2425 den
272 2373 319 2423 der
337 2371 486 2422 iussersten
507 2368 702 2431 lliilllosiglreit.
758 2368 1265 2421 undGrieobisebeodaeGewbboliebere.

196 2442 254 2493 blan
276 2440 344 2491 siebt
365 2439 429 2502 also,
452 2439 498 2488 das
512 2437 569 2487 bild
589 2452 638 2487 von
658 2437 704 2488 der
792 2441 912 2502 consequi
923 2454 972 2488 von
985 2439 1050 2502 dem,
1066 2452 1120 2497 was
1133 2437 1266 2488 unmittel·

195 2510 293 2561 Mutter
312 2507 348 2558 ist
366 2506 433 2558 doelt
447 2506 519 2557 nieht
534 2512 625 2569 strong
641 2503 705 2556 lest·
758 2507 805 2555 ber
823 2506 874 2555 und
891 2506 936 2556 mlt
954 2506 1025 2557 einer
1040 2505 1168 2569 gewissen
1180 2505 1264 2557 Noth-

195 2577 323 2643 gebalten.
758 2572 914 2637 wendiglreit
926 2572 1001 2638 lolgt.

229 2646 365 2695 minimum
394 2643 437 2693 die
466 2641 591 2706 wenigste
620 2639 703 2693 liralt

195 2713 254 2776 Vgl.
269 2711 335 2762 Xlll.
349 2711 391 2760 46.

228 2783 270 2832 30.
287 2781 391 2844 quisque
410 2778 461 2828 eibi
482 2778 552 2827 steht
573 2791 644 2827 zwar
660 2792 704 2827 zu-

194 2863 312 2912 sammen,
331 2848 394 2898 aber
409 2847 501 2911 gebbrt
517 2845 588 2895 nieht
605 2858 705 2894 zusam-

193 2934 261 2971 men:
274 2916 330 2967 also
340 2914 423 2980 keine,
433 2914 494 2963 oder
502 2913 638 2964 bb'ebstens
647 2913 704 2964 eine

195 2985 344 3039 sobeiobare
357 2981 623 3046 Ausnabnestellung.

228 3046 704 3106 mlereomicitiamderFreundsebalt

195 3123 277 3175 leben.
308 3121 380 3170 Aueh
401 3120 451 3170 wir
471 3133 562 3182 sager:
583 3117 624 3168 ein
637 3117 704 3169 Ver·

194 3191 305 3247 biiltniss
318 3188 467 3239 cultiviren.

228 3258 274 3310 ced
294 3274 347 3324 ego.
381 3256 478 3307 Hierzu
496 3255 530 3304 iet
547 3269 593 3305 aus
611 3250 703 3304 medi-
729 3250 737 3261 '

196 3328 260 3379 lecit
273 3328 329 3390 (hat
340 3324 408 3375 mich
420 3323 470 3374 lieb
484 3322 636 3386 gewonnen)
649 3335 702 3371 was

194 3413 227 3447 zu
235 3395 405 3447 entnebment
419 3390 476 3457 Vgl.
486 3391 550 3457 Nep.
560 3389 647 3440 Thera.
658 3387 702 3438 lx.

195 3465 224 3515 3:
240 3467 376 3531 postquam.
392 3463 420 3510 tn
436 3464 489 3510 tuto
504 3460 568 3526 ipse,
586 3462 610 3508 et
620 3456 664 3506 itte
676 3458 703 3506 tn

192 3531 306 3600 periculo
318 3547 373 3580 esee
387 3530 477 3596 eoepit.

228 3601 333 3650 virtum
361 3600 429 3647 etus:
456 3597 511 3658 vgl.
537 3595 584 3660 τῆς
606 3586 704 3664 ἀρετῆς

194 3669 266 3719 llom.
280 3666 326 3717 0d.
340 3664 369 3714 ll.
384 3665 441 3715 206.
460 3665 563 3714 Ardere
575 3660 703 3725 Beispiele

111 3736 113 3744 '
195 3754 227 3787 zu
239 3735 283 3786 Xl.
296 3735 327 3782 37
340 3732 532 3799 illiussurorie.

229 3804 346 3871 optatione
352 3801 472 3850 nonnullo
482 3801 560 3850 durch
568 3798 624 3850 eine
632 3797 703 3847 nieht

195 3889 258 3936 ganz
270 3869 423 3934 ungiinstige
435 3868 562 3931 bleinung.
591 3866 701 3917 Litotes.

792 2641 835 2693 31.
853 2642 1196 2708 arrigamus-seneromur.
1217 2642 1264 2691 Die

758 2706 908 2776 trappanten
920 2710 969 2759 und
981 2710 1134 2773 gehiesigen
1144 2710 1264 2761 Bezeielr·

759 2780 860 2841 noegeu
869 2777 1028 2829 ‘cintreibou¹
1036 2779 1086 2828 und
1094 2776 1265 2828 ‘auiWueber

759 2841 873 2910 anlegen'
883 2846 971 2896 steben
981 2847 1008 2896 in
1018 2845 1265 2897 unmittelbarerBe·

758 2913 868 2978 ziebung
884 2928 916 2964 zu
933 2915 1061 2978 einander,
1080 2914 1131 2963 und
1148 2915 1205 2964 sind
1217 2913 1264 2964 mit

757 2981 1206 3101 grog‘slepmdtbaiebtltieblrcplttgdesetzt.
1254 3054 1265 3100 t

791 3066 804 3098 s
894 3064 943 3100 ura
954 3066 985 3101 en
999 3066 1011 3101 s
1028 3068 1066 3102 ric
1124 3066 1162 3100 em
1175 3066 1224 3101 ooo
1235 3067 1253 3101 u

756 3119 895 3182 eadgarum
907 3068 1035 3184 grottard,
1053 3121 1102 3169 und
1118 3120 1154 3168 ist
1166 3136 1186 3169 s.
1200 3135 1227 3169 v.
1239 3134 1263 3169 a.

756 3184 802 3236 sed
812 3185 879 3250 quod
888 3189 992 3254 itasert
1003 3191 1116 3239 natura..
1129 3188 1265 3238 Palindro-

755 3254 867 3304 miseber
880 3254 1020 3306 Chiasmus.

790 3323 843 3387 ipro
856 3322 950 3373 ‘sebon'
960 3323 986 3374 in
998 3324 1044 3374 der
1052 3321 1145 3372 Liebe:
1155 3321 1263 3375 XXVII.

791 3456 831 3507 32.
850 3459 944 3509 Abbir
956 3459 1081 3511 Neutrum
1094 3460 1164 3510 Plur.
1177 3459 1228 3508 wie
1235 3461 1264 3507 io

753 3524 881 3592 pleraeque
897 3526 940 3578 lV.
962 3528 1000 3579 13.
1032 3527 1101 3577 Haeo
1122 3528 1193 3577 diere
1211 3526 1264 3575 An·

756 3593 868 3644 sichten:
880 3594 930 3657 vgl.
941 3595 1155 3646 buecundillolV.
1171 3596 1209 3644 13.
1223 3596 1261 3647 14.

790 3661 827 3711 ad
843 3662 994 3730 voluptatem
1006 3663 1051 3714 auf
1060 3665 1102 3714 die
1114 3663 1263 3714 Sinnenlust

756 3728 795 3780 als
824 3731 883 3781 Ziel
911 3733 961 3781 uod
985 3733 1079 3784 Zweelr
1108 3733 1261 3795 (bezieben).
1348 3736 1350 3741 '

756 3797 817 3848 Dies
839 3801 888 3862 gilt
908 3802 954 3850 den
977 3808 1120 3852 entarteten
1138 3800 1262 3850 Sebiilern

757 3865 882 3931 Epicur's.
